2990 5228
276 449 341 512 ⁹12
635 450 1082 516 Excuususvu

584 1203 1001 1283 EXCURSUS
1044 1201 1117 1276 vll

440 1309 1266 1460 suessanorum.

362 1738 446 1808 Quae
465 1737 518 1799 hoc
537 1737 629 1818 capite
648 1745 797 1800 namantur
817 1740 855 1800 dc
874 1736 1081 1816 Rhusspu'ns'to,
1120 1735 1220 1796 cadens
1241 1733 1302 1793 sere
1321 1747 1429 1791 mmo

278 1841 336 1902 riae
353 1842 463 1921 prodita
485 1842 659 1901 inveniuntur
678 1844 706 1902 iu
725 1843 897 1902 Graecorum
916 1841 1011 1901 sabula
1037 1841 1074 1900 de
1094 1837 1232 1916 Agamede
1247 1843 1335 1914 atque
1358 1833 1429 1892 Tro-

273 1945 381 2024 phonio.
430 1945 487 2015 Qui
520 1945 631 2004 aedium
658 1943 887 2003 exsmrendarum
919 1949 980 2002 arte
1018 1943 1143 2019 insignes
1177 1961 1230 2020 pro
1259 1941 1306 1999 iila
1331 1945 1430 2000 aetate

275 2048 383 2124 Hyrieo
412 2066 549 2108 muneram
574 2047 708 2107 thesauris
737 2047 890 2106 condendis
917 2045 1082 2106 destinatam
1111 2043 1280 2118 aedificant,
1310 2042 1340 2100 in
1369 2061 1430 2120 qua

275 2169 360 2208 unum
383 2149 505 2229 lapidem
526 2151 565 2209 sie
585 2151 712 2229 inserunt
732 2150 917 2224 extrinsecus,
946 2153 976 2206 ut
991 2145 1063 2205 facili
1084 2145 1171 2225 operi
1191 2145 1274 2204 eximi
1295 2147 1428 2224 potnerit.

275 2251 345 2312 Inde
366 2250 446 2311 simili
466 2251 566 2322 modo,
595 2270 652 2328 quo
672 2248 826 2329 Aegyptius
848 2252 956 2330 opifex,
993 2249 1070 2324 regis
1094 2247 1239 2306 thesauros
1268 2255 1429 2326 asportant,

274 2355 322 2432 qui
343 2354 391 2412 uhi
413 2353 465 2411 hoc
485 2351 693 2425 animadvertit,
716 2354 810 2413 omnia
825 2352 932 2431 laqueis
953 2351 1047 2428 cingit.
1082 2349 1191 2419 Quibus
1211 2349 1334 2408 irretitus
1348 2349 1428 2428 Aga-

273 2455 388 2528 medes,
417 2453 541 2512 afratre
562 2452 727 2534 Trophonio
756 2455 803 2531 (is
820 2455 894 2514 enim
913 2454 1046 2526 timebat,
1075 2471 1111 2510 ne
1131 2453 1192 2530 ipse
1218 2452 1299 2511 simul
1319 2454 1426 2532 depre-

274 2557 457 2633 henderetur)
477 2561 592 2616 necatur
613 2558 703 2637 capite
724 2557 857 2616 abscisso.
899 2557 957 2616 Sed
976 2561 1077 2634 postea
1096 2560 1171 2612 terra
1191 2557 1324 2614 scinditur
1346 2557 1423 2617 Tro-

274 2661 464 2741 phoniumque
493 2661 617 2720 devorat.
668 2660 714 2719 lta
734 2659 887 2719 Pausanias
909 2656 967 2730 IX,
991 2658 1034 2721 37
1058 2653 1087 2735 S
1106 2658 1143 2732 3,
1177 2677 1230 2718 nec
1258 2659 1337 2718 alite·
1358 2661 1417 2717 sere

274 2763 384 2822 Charax
406 2763 434 2819 in
456 2761 540 2820 schol.
562 2763 599 2822 ad
611 2761 751 2840 Aristoph.
763 2761 840 2820 Nub.
855 2759 919 2825 504
940 2757 1002 2818 coll.
1019 2758 1101 2834 ligem.
1122 2759 1160 2815 ad
1175 2758 1267 2834 hymn.
1282 2759 1412 2828 Homerr.

272 2882 337 2944 pag.
360 2860 433 2926 304.
474 2861 533 2920 lam
555 2862 676 2936 origines
701 2861 828 2922 Graecae
854 2861 936 2922 huius
964 2859 1069 2920 fabulae
1094 2859 1117 2918 si
1140 2878 1281 2937 quaeras,
1316 2869 1418 2920 monet

273 2963 470 3024 Valckenarius
491 2963 528 3021 ad
549 2962 687 3022 Herodoti
706 2961 812 3022 iocum:
834 2963 904 3040 „Ex
925 2963 1070 3023 Herodoto
1089 2963 1218 3022 ridentur
1238 2980 1259 3020 a
1278 2962 1420 3023 Graemsio

272 3066 395 3144 quodam
415 3066 535 3144 repetita
555 3071 640 3142 atque
660 3063 874 3141 iuhgamedcm
888 3062 1139 3144 Trophoniumqne
1159 3065 1312 3142 translata,
1332 3087 1419 3146 equo

273 3189 323 3229 sua
343 3167 488 3228 hauserint
504 3167 615 3226 Charax
636 3172 666 3226 et
686 3166 869 3226 Pausanias.“
890 3167 970 3236 Quae
991 3169 1092 3228 eadem
1112 3169 1242 3248 placuere
1262 3169 1351 3247 Ilgen.
1366 3171 1384 3228 Ι.
1401 3171 1416 3226 Ι.

274 3271 382 3330 Contra
403 3269 525 3328 fabulam
546 3287 610 3328 uere
628 3268 764 3328 Graecam
788 3275 818 3329 et
844 3275 945 3348 postea
965 3269 1077 3329 demum
1099 3271 1129 3328 in
1151 3270 1310 3350 Aegyptum
1330 3279 1419 3332 trans-

257 3349 357 3430 'latam
386 3372 542 3448 cupideque
570 3369 605 3429 ab
629 3371 820 3430 sacmdotibus
847 3377 984 3450 arreptam
1013 3371 1123 3450 et'pro
1153 3392 1233 3433 more
1260 3382 1418 3434 exornatam

274 3491 336 3532 esse
356 3473 500 3532 contendit
520 3471 749 3533 C.0.h1irHerus
769 3473 798 3532 in
819 3473 984 3533 Orchomen.
1005 3491 1073 3552 pag.
1091 3479 1135 3542 97
1155 3495 1237 3552 seqq.
1258 3477 1414 3536 atheum

272 3573 409 3632 laudatus.
450 3574 635 3632 Buthnannus
656 3593 722 3634 uero
742 3573 794 3648 (de
814 3575 917 3653 Minyis
938 3577 1101 3657 paunus)
1134 3577 1254 3635 subulam
1273 3578 1356 3636 rdert
1376 3581 1415 3638 ad

272 3691 359 3751 vagas
380 3673 439 3732 illas
461 3673 586 3748 fabulas,
620 3693 693 3751 quae
707 3677 751 3738 ad
771 3679 849 3736 varia
865 3684 895 3738 et
916 3683 1042 3759 tempora
1062 3685 1093 3738 et
1117 3676 1179 3737 loca
1197 3677 1301 3736 fuerint
1320 3685 1416 3740 nans-

273 3773 353 3834 latuu
394 3772 477 3839 Quae
493 3774 542 3850 qui
561 3778 734 3855 probaverit,
763 3779 787 3838 is
808 3779 954 3841 Herodoto
975 3799 1086 3841 omnem
1111 3779 1194 3838 fidem
1220 3778 1345 3856 deneget
1364 3802 1415 3843 ne-

272 3891 350 3934 cesse
370 3878 430 3948 est,
465 3892 548 3952 quam
569 3878 635 3936 mihi
660 3897 794 3938 summam
822 3901 900 3957 esse,
937 3882 1013 3941 haud
1032 3901 1090 3942 uno
1109 3880 1169 3940 loco
1190 3879 1244 3938 iam
1265 3881 1415 3944 declarari.

272 3976 368 4046 Quare
401 3976 493 4037 malim
524 3978 562 4037 ad
590 3979 764 4040 Valckenarii
791 3989 877 4061 atque
911 3982 1011 4060 iigenii
1037 3989 1130 4063 partes
1159 3983 1297 4044 assedere
1330 3993 1358 4045 et
1380 4007 1412 4045 es

271 4077 402 4157 Aegypto
432 4080 557 4141 Graecae
584 4079 695 4142 fabulae
720 4083 842 4161 origines
870 4091 1005 4164 repetere
1047 4084 1092 4143 Ad
1109 4082 1299 4162 agriodhrrae
1323 4095 1409 4146 autern

272 4179 399 4240 notiones
420 4181 541 4241 fabulam
561 4188 688 4260 spectare
712 4185 757 4244 vix
783 4186 911 4263 equidem
939 4187 1096 4246 dubitarim.
1137 4184 1214 4244 Nam
1239 4186 1410 4266 Hiopiouiuss

272 4281 397 4340 norimus
420 4285 539 4343 eundem
560 4303 622 4346 esse
641 4293 726 4364 atque
751 4283 914 4348 Mercurius
935 4307 1013 4363 eum,
1041 4289 1090 4366 qui
1112 4288 1163 4347 suh
1184 4289 1267 4348 terris
1287 4289 1409 4362 hahetur,

272 4374 395 4462 χθόνιος
415 4383 473 4445 sive
492 4379 659 4466 ὖριοόνιοςς
679 4387 727 4466 qui
747 4390 860 4465 quando
883 4409 900 4451 e
921 4390 1036 4451 mmeris
1059 4391 1254 4452 subterraneus
1269 4390 1406 4453 thuumos
