3002 5178
446 401 765 472 aurasia.
804 406 843 468 n.
1056 411 1123 478 ssu

163 566 238 640 aa
262 564 489 640 annosam
503 538 544 640 'n
568 569 627 642 aa
641 567 873 660 ’moenum
892 567 1025 656 esim,-
1045 577 1162 664 orgen

119 735 340 766 ¹*-

121 857 158 898 re
181 841 287 911 oaesi,
318 850 373 914 quo
393 834 484 912 magis
509 831 622 894 boecu
670 833 819 911 cognitum.
862 835 1054 901 Vedlomsrd.
1072 859 1101 922 p.
1117 837 1162 909 47

121 941 197 982 vero
223 921 310 982 alieno
339 927 388 980 aut
410 928 487 982 certe
505 920 622 980 multum
672 939 752 1000 seqq.
775 920 816 986 64
831 921 959 998 (Recneil
969 927 1046 1004 ete).

123 1013 296 1084 exaggerata
319 1025 382 1065 esse
407 1007 568 1080 videantur,
597 1005 621 1063 si
713 1003 913 1084 Elephantine,
934 1011 1022 1070 insula
1039 1011 1162 1072 celeber·

125 1091 180 1152 eos
199 1091 308 1165 audias,
336 1091 385 1168 qui
404 1098 500 1150 nostru
527 1097 621 1150 aetate
669 1089 739 1149 rima
761 1096 791 1149 et
809 1091 891 1167 urbs,
917 1093 946 1154 in
963 1096 1024 1174 ipso
1040 1096 1161 1176 Aegypti

125 1177 181 1235 has
202 1177 328 1253 regiones
354 1177 506 1236 visitarunt
549 1177 622 1236 Vide
670 1176 784 1238 inuoitu
803 1177 856 1236 sita
876 1178 927 1236 sub
949 1182 1015 1259 ipsis
1036 1183 1096 1242 fare
1114 1201 1161 1244 oa-

126 1261 289 1322 Hartmann.
303 1263 332 1319 in
344 1261 556 1321 Erdbeselsreib.
565 1280 621 1320 von
669 1262 793 1320 terracin
825 1262 879 1335 (ut
905 1261 997 1325 Aelius
1026 1267 1160 1344 Aristides

125 1345 240 1426 Aegypt.
255 1366 321 1425 pag.
336 1349 377 1411 75
395 1367 456 1424 seq.
485 1345 620 1406 Interve-
669 1345 795 1422 scribit),
818 1365 870 1405 neo
895 1347 1009 1409 multum
1029 1353 1094 1411 inde
1114 1344 1161 1412 re·

125 1437 195 1491 teres
208 1433 359 1510 scriptores
373 1433 478 1492 Strabo
495 1435 620 1491 minorem
670 1436 746 1490 mous
767 1432 903 1509 sSyene.
955 1434 1012 1502 Qui
1028 1439 1161 1497 terrninus

121 1523 302 1578 eumenen
334 1519 485 1576 accuratius
519 1518 621 1578 descri-
669 1516 721 1576 luit
738 1517 817 1594 regni
841 1525 965 1580 veterum
987 1519 1161 1586 Pharaonem

119 1604 176 1681 psit
191 1602 277 1660 xvu
291 1605 424 1680 pilli,
438 1603 463 1660 C
477 1623 532 1682 s.p.
541 1605 605 1667 817
610 1623 619 1676 3
669 1620 703 1662 au
728 1603 858 1662 remansit
883 1611 982 1682 postea
1008 1624 1096 1682 usque
1122 1607 1161 1666 ad

120 1683 209 1764 qu'em
220 1687 350 1762 seqnitur
362 1685 497 1746 Mannert.
509 1689 617 1764 Geogr.
667 1685 788 1747 Romani
803 1687 910 1766 imperii
921 1695 1062 1768 tempora,
1083 1693 1160 1751 cuins

121 1773 152 1832 d.
169 1772 224 1830 Gr.
241 1769 368 1834 mlidro.
382 1771 425 1846 X,
440 1777 458 1836 1
476 1792 538 1851 pag·
554 1776 618 1839 237
668 1770 786 1832 drusus
812 1771 984 1851 appellantur
1009 1793 1027 1834 a
1061 1773 1161 1834 'latito

122 1855 188 1916 coll.
206 1857 280 1920 226.
307 1855 365 1914 Sed
385 1855 433 1917 Cr.
456 1860 492 1917 sd
515 1857 619 1917 lomar-
668 1855 778 1916 Annali.
791 1855 836 1932 11,
851 1861 901 1922 61.
930 1858 983 1917 Est
1000 1858 1074 1918 locus
1095 1859 1163 1916 insi-

121 1943 195 2002 dum
210 1959 264 1998 nos
277 1941 419 2015 amandat,
440 1945 488 2020 qni
499 1935 620 2002 omnium
671 1942 733 2020 gnis
751 1940 803 2001 soli
819 1943 959 2003 fertilitate
979 1939 1163 2019 arborumque

121 2025 318 2105 copiosissime
329 2031 358 2086 et
368 2029 568 2088 accuratissime
583 2029 621 2086 de
669 2030 757 2101 flore,
778 2029 939 2086 amacio
961 2031 1091 2106 frequens
1104 2047 1163 2088 non

121 2111 181 2174 boc
199 2117 347 2172 esumete
368 2111 520 2190 sereliqnis
540 2115 622 2190 (narn
670 2113 761 2174 minus
769 2117 853 2189 atque
860 2113 993 2190 religione
1005 2114 1161 2192 conspicua,

123 2201 187 2256 octo
205 2193 289 2272 vulgo
319 2199 481 2274 ponuntur)
507 2200 563 2274 egit
591 2199 621 2257 in
671 2217 754 2276 quum
765 2195 818 2255 illic
830 2196 923 2258 Nilum
937 2198 1163 2258 crescentemob·

122 2281 267 2358 Desnipt.
291 2282 327 2340 de
359 2281 482 2360 l'Egypt.
518 2285 621 2361 antiqq.
672 2288 812 2342 serenent
826 2283 1066 2344 aodimetir'entnr.
1081 2281 1163 2342 Nunc

124 2366 229 2426 lisrois.
243 2365 256 2424 l
269 2385 330 2444 esp.
344 2365 370 2426 ll
386 2375 452 2426 sect.
467 2373 489 2433 2
507 2387 572 2446 pag.
582 2371 620 2434 18
670 2387 833 2444 magnamrn
852 2369 961 2430 sedium
986 2377 1072 2446 atque
1089 2374 1162 2438 tem·

125 2471 208 2528 seqq.
233 2452 307 2524 (sin
319 2452 433 2511 Recreil
445 2452 623 2512 d'observstt.
671 2453 778 2534 plorum
797 2452 902 2530 aliquot
922 2459 1084 2534 supersunt,
1104 2453 1163 2510 sin·

125 2556 176 2596 sur
196 2535 325 2615 l’Egypt
352 2536 472 2614 chapl
506 2545 575 2598 sect.
603 2544 624 2604 2
672 2537 761 2616 gislari
776 2539 841 2597 curi
855 2539 1008 2618 descriptae
1029 2538 1162 2597 alomarss
1282 2557 1286 2570 ¹

125 2641 192 2702 pag.
202 2621 367 2696 24-64).
385 2621 414 2682 T
415 2642 433 2680 u
447 2623 512 2682 add.
520 2623 625 2684 Cham-
672 2625 727 2698 du,
749 2641 832 2702 quem
843 2625 955 2684 omuino
973 2626 1010 2684 de
1021 2624 1074 2684 bac
1086 2623 1163 2681 insu-

126 2706 236 2786 pollion
258 2707 383 2787 l’Egypt.
405 2727 471 2768 sous
488 2707 528 2770 les
543 2709 623 2787 plur.
672 2707 840 2771 laoousulas
854 2708 933 2767 velim
946 2709 1096 2768 inReoreil
1109 2713 1162 2768 eto.

127 2791 264 2872 11:420
282 2813 343 2871 seq.
365 2799 395 2853 et
417 2793 516 2852 liitter.
533 2793 623 2852 Erdk.
673 2812 739 2874 pag.
754 2793 794 2860 55
811 2811 889 2870 seqq.
908 2792 1162 2854 Addltiannertl.

127 2875 274 2955 lueet·
289 2881 424 2956 oarseq.
467 2877 624 2938 Estautem
672 2878 1162 2958 tp.828etffioer.t1.p.689

127 2961 306 3040 scopulorum
321 2981 353 3022 ae
374 2981 503 3022 saxorum
528 2964 624 3038 series,
674 2981 753 3041 seqq.
774 2961 886 3024 Nomen
899 2963 1002 3024 mantue
1015 2982 1087 3022 nunc
1101 2979 1163 3022 esse

127 3065 201 3124 qaae
219 3053 377 3106 mananseo
398 3049 513 3110 flumine
534 3048 621 3126 poni-
671 3048 785 3127 Gesyrel
805 3047 943 3124 Διευυᾶη,
968 3049 1045 3124 qnod
1058 3045 1164 3122 signifi·

126 3132 220 3208 gitta,
236 3149 312 3207 pone
328 3149 407 3206 quarn
421 3154 495 3214 aquo
512 3139 623 3192 retenta
670 3131 847 3194 estimatum
863 3132 979 3212 Syenes,
1007 3131 1099 3192 scribit
1118 3132 1164 3190 lo-

128 3215 288 3276 aeouecss
310 3215 366 3274 lam
383 3219 521 3300 praecipiti
541 3235 623 3278 cursu
670 3218 783 3278 mardus
796 3215 814 3276 l.
830 3217 849 3280 l.
868 3238 933 3297 pag.
951 3219 1008 3288 683
1029 3215 1106 3292 quod
1118 3213 1164 3274 alii

128 3299 269 3362 dolabitur
288 3317 324 3360 sc
341 3301 539 3377 navigationem
558 3321 625 3382 per·
671 3303 849 3364 seurdivisse
860 3303 986 3364 dictimnt
997 3319 1097 3360 nomen
1108 3297 1163 3357 lll-

128 3400 215 3462 quarn
239 3385 382 3446 difficilem
405 3388 502 3448 reddt.
539 3387 624 3452 Nune
674 3387 757 3463 sog,
778 3407 960 3465 sensusqnam
973 3384 1165 3446 audivissent·

128 3467 236 3529 Arabes
258 3477 362 3531 vocant
395 3469 502 3532 Clettnl.
551 3473 624 3532 Sunt
672 3473 773 3533 firmat.
816 3472 869 3530 Est
891 3479 985 3532 tamen
1008 3468 1163 3550 Chammll.

127 3555 173 3616 otii
187 3563 300 3634 quoque
316 3561 486 3618 mtanaetne
506 3558 623 3617 maiores
673 3557 810 3636 (l’Egypt.
822 3576 889 3618 sous
897 3555 915 3614 1.
924 3558 1001 3636 pbar.
1015 3555 1027 3614 l
1040 3575 1067 3634 p.
1078 3557 1165 3632 160),

128 3642 159 3702 in
172 3639 320 3719 Aethiopia
333 3643 395 3720 ipso
407 3647 519 3718 atquea
532 3643 624 3717 Syene
673 3642 722 3720 qui
739 3644 791 3702 boc
810 3661 913 3704 nomeu
928 3642 1062 3721 recipiens
1083 3643 1165 3702 vertit

129 3725 244 3791 maltum
259 3729 439 3800 remotiorem
471 3727 624 3804 dequibus
673 3726 716 3788 lle
728 3729 828 3806 flwrie
849 3729 868 3788 i.
892 3748 917 3788 e
938 3728 1029 3788 insula
1044 3727 1164 3805 fluente

127 3817 223 3872 tamen
255 3813 409 3872 armatior
442 3811 524 3870 nobis
546 3813 625 3872 deest
673 3832 840 3891 quamquam
865 3813 935 3874 banc
956 3811 1165 3890 appellationem

127 3896 269 3972 agnino,
281 3915 451 3974 quamquam
461 3896 544 3956 valde
558 3915 625 3976 pro·
673 3899 703 3958 in
717 3899 834 3960 insulam
847 3917 878 3958 re
897 3915 963 3959 vera
981 3897 1081 3958 cadere
1098 3913 1165 3973 pos·

128 3980 222 4041 bsloile
236 3989 295 4056 est,
307 3989 430 4050 sennua
444 3982 552 4061 aliquot
561 4001 626 4040 ner-
674 3985 785 4063 se,ipsa
799 4002 833 4044 ea
847 3989 998 4056 testantur,
1016 3997 1088 4056 quae
1102 3978 1165 4056 plu·

130 4066 250 4126 wisa
267 4067 304 4126 de
322 4069 408 4128 nimis
433 4067 624 4145 magnitudine
674 4069 749 4129 ribus
773 4071 810 4130 de
831 4068 889 4126 eius
910 4069 964 4126 situ
977 4072 1061 4141 atque
1070 4061 1166 4122 fertili·

129 4155 218 4226 atqie
236 4152 326 4211 sonitu
349 4159 561 4214 antenodorum
587 4153 624 4214 ad
674 4159 732 4215 tate
745 4151 1019 4230 esqsosuitlomardns
1034 4142 1165 4224 supas

129 4253 183 4295 0⁰⁵
206 4237 358 4311 superiores
376 4238 531 4316 pertinere,
551 4237 624 4298 mole
675 4256 753 4314 seqq.
774 4237 847 4294 Add.
859 4235 913 4294 los.
928 4235 964 4292 de
985 4232 1120 4292 Hommer
1135 4229 1165 4288 ia

128 4317 417 4400 manumittit,
437 4322 476 4382 ad
490 4323 624 4383 morem
673 4320 782 4382 mont
809 4319 974 4380 viensenss
1008 4314 1064 4374 vol.
1084 4311 1165 4374 XLV

126 4405 211 4466 illurn
224 4403 381 4484 propiorem
395 4409 518 4488 indeque
534 4407 624 4486 magu
674 4423 739 4484 pop·
757 4404 808 4474 47·

890 4480 975 4547 aa*
1018 4461 1022 4470 '
