2990 5228
410 451 476 512 sn
519 417 807 513 rra-nonus.
842 453 871 526 1,
899 451 948 518 94.
1188 453 1252 518 sss

104 626 243 702 originem
263 620 309 682 rel
338 639 388 698 ea,
419 640 493 701 quae
512 621 603 682 adhuc
620 623 815 698 innotescunt,
844 622 911 683 satis
934 623 1053 702 prodere
1071 623 1250 702 videntnr‘).

105 728 156 786 'l'n
171 728 243 786 conf.
256 724 384 785 Dorum:
408 725 511 784 notizie
525 725 637 784 intorno
659 723 747 783 alconi
764 725 825 784 rasi
837 725 950 784 Etmsei
968 725 1088 800 (Pesuro
1102 729 1200 802 1828)
1221 737 1252 787 et

48 825 71 894 s
105 829 232 889 eiusdem
250 828 302 886 viri
325 827 399 885 docti
413 825 558 901 libellum,
586 827 634 903 qui
659 827 826 887 inscribitur:
854 825 983 886 Etrusr'en
1003 829 1060 886 und
1080 829 1131 887 der
1152 829 1252 890 Orient

103 930 301 1008 (Heidelberg.
321 927 419 1004 1829)
434 947 499 1006 pg.
512 930 532 992 6
548 945 627 1004 seqq.
655 926 772 1004 voyage
790 928 1003 1006 archeologique
1018 931 1087 989 dans
1099 929 1251 992 l'aneienne

103 1034 217 1093 Etrmie
233 1039 286 1092 etc.
308 1029 410 1105 (Paris.
424 1029 522 1105 1829)
542 1047 610 1109 pag.
623 1029 665 1094 35
680 1049 739 1108 seq·
762 1031 805 1096 38
821 1049 899 1108 seqq.
913 1031 973 1091 ooli.
990 1031 1134 1092 Universel
1147 1032 1250 1109 (Paris.

106 1139 207 1212 1829)
223 1153 283 1192 nro.
299 1137 341 1198 20
362 1151 428 1210 pag·
444 1136 483 1196 71
497 1131 549 1209 ”).

189 1285 267 1347 Nolo
287 1285 340 1346 hnc
355 1283 460 1342 referre
477 1290 683 1344 monumentum
700 1286 729 1343 in
750 1285 842 1346 media
857 1283 979 1362 Phrygia
993 1285 1029 1343 ab
1042 1283 1140 1362 singlis
1156 1287 1253 1346 inven-

106 1398 166 1452 tum
194 1389 421 1466 descriptumque
434 1385 511 1460 m),
547 1387 765 1465 antiquissimum
790 1386 857 1446 illud
882 1387 1008 1464 quidem,
1029 1406 1082 1447 nee
1101 1407 1168 1448 vero
1186 1390 1252 1464 tale,

107 1513 143 1554 ex
162 1511 219 1570 quo
240 1491 339 1568 opinor
359 1489 451 1563 gentis
472 1489 608 1549 Etruscae
623 1489 702 1567 origo
714 1488 823 1565 Lydio
841 1490 953 1568 probari
970 1489 1074 1568 possit,
1093 1491 1186 1569 pronti
1202 1491 1252 1549 viri

109 1595 226 1670 qnidam
237 1591 312 1648 haud
329 1591 433 1649 indocti
446 1593 668 1669 pronuntiarunt.
710 1590 800 1665 Nam,
821 1591 850 1648 in
863 1609 918 1667 quo
930 1590 967 1648 illi
981 1591 1098 1653 maxime
1111 1594 1253 1665 insistunt,

112 1694 208 1753 literae
224 1692 287 1751 huie
305 1700 484 1753 monumento
502 1692 646 1771 sepulcrali
668 1693 815 1772 inscriptae
830 1681 950 1752 &necue
964 1693 1056 1773 potius
1076 1714 1139 1753 esse
1156 1696 1253 1755 viden-

111 1805 171 1869 tur,
191 1815 242 1855 nec
265 1794 319 1853 ullo
337 1797 421 1855 modo
438 1815 499 1855 cum
513 1797 636 1854 Etmscis
657 1813 806 1870 congruae.
849 1794 973 1855 Turide
988 1797 1025 1855 sis
1044 1796 1182 1873 copiosam
1201 1797 1254 1856 hae

109 1903 197 1958 dere
217 1899 434 1976 disputationem
454 1898 562 1958 Osanni
582 1897 613 1955 in
635 1896 722 1968 libro,
744 1897 792 1974 qui
812 1897 985 1956 inscribitur:
1011 1896 1103 1956 Midas
1117 1899 1185 1957 oder
1199 1898 1252 1956 Er-

107 1998 355 2076 kliirungsversuelr
375 1999 426 2058 der
447 1997 595 2058 erweislich
616 1998 737 2060 iltesten
758 1999 861 2076 griecln
883 1998 1011 2058 lnsclrritl
1032 2005 1085 2059 ete.
1112 1999 1209 2080 Leipa.
1225 2008 1254 2060 et

106 2102 231 2163 Darmst
248 2102 331 2165 1880
351 2117 419 2178 pag·
435 2104 452 2163 1
467 2119 546 2176 seqq.
565 2103 606 2166 28
620 2120 699 2178 seqq.
814 2147 820 2157 .

194 2270 241 2331 nd
261 2270 438 2330 Herodotum
462 2270 583 2346 denique
606 2275 637 2328 ut
657 2273 795 2343 revertar,
816 2268 892 2327 haud
912 2269 1043 2347 equidem
1062 2288 1122 2327 sum
1135 2271 1253 2343 nescius,

107 2394 193 2452 quarn
215 2372 349 2432 lubricum
370 2374 407 2432 sit
428 2393 462 2432 ea
485 2373 522 2431 de
542 2391 574 2432 re
595 2372 662 2449 quid
685 2377 806 2430 statuere
832 2369 925 2444 velle,
959 2389 1031 2446 quae
1052 2371 1107 2428 iem
1127 2370 1255 2450 Dionysii

107 2476 361 2537 Halicamassensis
382 2481 472 2535 aetate
492 2477 522 2534 in
547 2473 627 2533 valde
649 2472 809 2552 disceptatis
832 2479 917 2548 atque
944 2472 1080 2549 ambiguis
1105 2475 1192 2534 fuisse
1212 2476 1253 2534 ri-

111 2577 174 2636 deri
193 2582 295 2653 queat3
324 2576 390 2635 illud
411 2578 470 2636 iure
490 2577 556 2636 milri
579 2595 687 2636 sumere
710 2595 793 2656 posse
812 2575 925 2649 videor,
953 2573 1091 2650 vsrlgarem
1115 2581 1190 2635 certe
1210 2583 1253 2636 at-

110 2698 167 2756 que
194 2697 366 2738 communem
395 2677 565 2755 antiquitatis
593 2679 759 2739 sententiam
786 2680 824 2737 de
850 2675 1030 2736 Etruseorum
1056 2675 1164 2752 origine
1192 2695 1255 2736 eam
1330 2745 1333 2750 ¹

111 2781 200 2858 ipsam
221 2779 327 2854 fuisse,
362 2797 446 2857 quam
465 2779 628 2841 Herodotus
656 2782 803 2860 ipsumque
832 2777 921 2838 secuti
949 2777 1025 2838 houd
1051 2777 1131 2858 pauci
1162 2797 1254 2838 rernm

149 3138 173 3206 ⁸)
196 3133 301 3192 Addere
321 3137 364 3191 lrie
384 3139 456 3190 iuret
473 3137 572 3193 llatt'eil
598 3141 754 3193 sententiam
776 3136 809 3190 de
827 3135 947 3189 orientali
964 3137 1133 3190 Etruscorum
1154 3137 1254 3204 orlgine

197 3226 224 3276 in
238 3225 349 3292 append.
368 3224 401 3276 ad
420 3225 498 3277 Istor.
513 3224 645 3293 diplomat.
659 3242 684 3292 p.
699 3225 750 3276 219
764 3221 891 3290 proditam
909 3227 937 3274 et
950 3223 1007 3274 sliis
1020 3222 1162 3274 rationibus
1176 3238 1191 3274 e
1205 3225 1255 3274 lin-

200 3324 309 3374 guarum
323 3309 448 3362 affinitate
468 3311 652 3376 literarumque
671 3309 836 3362 similitudine
854 3307 978 3360 desumtis
995 3307 1131 3373 probatam
1142 3307 1255 3360 Rinckio

199 3393 228 3445 in
246 3395 339 3445 anuali.
352 3394 488 3448 Heidelbb.
506 3390 575 3447 1824
587 3411 626 3448 nr.
638 3395 673 3448 52
694 3405 722 3461 p:
735 3391 787 3447 826
800 3408 871 3460 seqq.
892 3391 1018 3444 Etruscos
1029 3391 1169 3444 meximsm
1182 3399 1255 3446 certe

200 3483 302 3544 partem
326 3479 367 3530 ille
388 3479 442 3530 vult
463 3480 619 3532 Cauaraeos
635 3495 708 3544 esse,
741 3479 774 3530 ab
797 3477 921 3530 Israelitis
940 3476 1016 3543 Syrii
1038 3477 1125 3542 pulsos
1143 3475 1255 3544 indeque

199 3563 225 3614 in
239 3562 351 3628 Lydiam
371 3563 587 3629 commigrantes,
609 3564 679 3618 unde
698 3563 725 3616 in
744 3563 874 3615 Etruriam
896 3561 992 3614 luerint
1010 3559 1106 3625 delati,
1128 3561 1254 3627 quemad·

198 3649 302 3700 modum
323 3648 356 3699 sb
370 3647 507 3701 Herodoto
519 3652 659 3703 memoriae
668 3649 747 3702 tuerit
760 3648 898 3714 proditum.

4 3835 21 3846 -.
134 3765 170 3833 ⁸⁴)
196 3768 273 3823 Quae
284 3767 320 3818 ibi
334 3766 489 3830 stt'eruntur,
513 3781 603 3819 eornm
620 3764 688 3817 houd
703 3779 786 3833 pauca
811 3764 845 3817 ad
864 3765 1011 3835 Aegyptam
1031 3769 1151 3832 spectare
1165 3765 1254 3820 siden-

195 3858 248 3904 tur.
277 3851 346 3907 Quin
360 3851 415 3918 ipsa
428 3850 639 3918 hieroglyphicas
652 3852 716 3902 artis
727 3849 835 3916 vestigia
850 3850 977 3916 quaedam
993 3849 1062 3918 apud
1074 3849 1199 3914 sono·
1210 3867 1254 3906 re·

196 3937 340 4003 periuntur.

136 4053 183 4121 ⁸⁸·)
197 4053 341 4122 Descripsit
354 4052 444 4105 Leske
458 4052 485 4104 in
501 4049 617 4118 Walpote
639 4051 768 4104 itinerarr.
788 4051 900 4106 Londin.
916 4051 993 4104 1820.
1029 4050 1071 4104 'l'u
1090 4047 1140 4103 sid.
1149 4049 1254 4116 joumat

201 4136 247 4190 des
261 4153 354 4190 sarens
373 4135 441 4191 1820
453 4137 549 4190 Octob.
562 4153 587 4203 p.
602 4132 760 4189 sat—626.
785 4133 887 4190 Annali.
902 4136 949 4188 des
968 4148 1082 4200 voyages
1097 4150 1145 4201 par
1162 4135 1255 4199 Eyries

201 4227 220 4274 t.
234 4221 320 4274 xvffl
338 4222 437 4290 (Paris.
451 4222 533 4290 1823)
558 4237 620 4287 pag.
634 4220 686 4274 828
702 4237 774 4288 seqq.
802 4220 934 4273 Hammer.
948 4219 976 4270 in
994 4219 1089 4271 annali.
1104 4219 1253 4273 Viennenss.

201 4303 347 4359 cxmu
365 4323 390 4374 p.
405 4305 464 4358 122.
480 4332 523 4346 -
545 4305 587 4359 Ex
606 4306 705 4360 Osanni
723 4304 866 4360 rationibus
888 4309 1082 4358 monumentum
1097 4301 1146 4356 hoe
1166 4303 1255 4357 incidit

200 4391 269 4442 intra
288 4405 347 4443 ann.
364 4386 525 4445 tto-570
547 4397 609 4445 ante
622 4389 753 4446 Christum
770 4396 868 4446 osum
912 4388 971 4444 vid.
984 4405 1012 4455 p.
1028 4387 1063 4442 87
1080 4387 1097 4440 Ι.
1111 4387 1127 4439 Ι.

158 4467 319 4529 Hsnonor.
341 4470 363 4530 1.
961 4467 1004 4531 01
