3008 5172
416 413 482 482 ⁰³4
730 413 1084 479 HERODOTI

417 577 642 662 ἀποθανόντες
683 579 716 660 ἐς
759 579 834 666 ἱρὰς
877 582 1014 670 στέγας,
1063 583 1147 652 ἔνθα
1188 584 1374 658 θάπτονται

371 867 433 908 των
447 837 549 906 adadu
563 843 720 926 κεδρίᾳ-
731 837 867 907 θοὶτττοο-
919 845 983 904 solis
998 847 1086 906 orbita
1098 848 1324 922 consistentium
1346 871 1419 929 qno-

372 949 422 994 σιν
434 929 468 994 ἐν
482 929 576 1012 [speie
593 922 749 1010 θήκαις.
793 931 867 991 Alias
916 951 978 990 nnn
996 932 1130 994 domicilia
1144 935 1233 994 sicubi
1249 937 1419 1012 ingreditur,

371 1037 440 1078 sero
461 1018 538 1096 ipsae
563 1035 676 1094 quoque
693 1015 803 1078 msulae
822 1019 866 1077 di·
917 1023 1057 1077 mutuatnr
1071 1020 1105 1076 ab
1116 1019 1187 1098 ipsis
1195 1023 1420 1082 eomndesnrul-

372 1108 469 1163 antor
492 1105 600 1182 θῆκαι.
647 1099 711 1161 Vid.
733 1102 865 1163 Creuzcr.
915 1108 1017 1163 tumet
1035 1104 1162 1183 speeiem.
1203 1106 1281 1165 Hinc
1300 1109 1421 1168 deorum

371 1195 527 1248 commenta
548 1187 676 1247 Herodd.
701 1209 729 1268 p.
745 1192 786 1252 67
807 1195 866 1249 not.
915 1197 1128 1267 personatorurn
1156 1191 1255 1250 cborns
1285 1213 1340 1272 per
1368 1213 1421 1253 an·

371 1281 400 1334 et
427 1276 499 1333 infra
520 1273 565 1346 11,
594 1275 664 1339 136.
717 1275 865 1334 Caeterum
891 1293 1001 1338 ¹nussns
1015 1275 1143 1335 circsdum
1156 1278 1324 1354 ingrediens.
1338 1279 1421 1340 Hinc

292 1377 294 1387 ’
370 1359 441 1419 banc
465 1360 652 1419 conditionem
671 1366 700 1419 et
720 1379 867 1420 consecra-
914 1359 1020 1418 bestiae
1033 1361 1150 1420 deorum
1164 1362 1294 1440 imagines
1303 1371 1420 1424 etnun-

370 1447 473 1505 tionem
488 1445 654 1519 bestiarum,
671 1463 807 1524 qoacpcr
820 1455 865 1504 to-
914 1445 967 1516 b'i,
1004 1465 1159 1524 praecones
1185 1450 1266 1522 anni,
1297 1448 1415 1510 indices

371 1537 427 1589 tam
453 1531 614 1610 Aegyptum
633 1531 768 1605 obtinuit,
797 1551 865 1591 con-
915 1535 1118 1608 tempestatum
1162 1533 1236 1593 Hinc
1269 1533 1305 1592 dii
1337 1534 1412 1612 ipsi,

369 1616 489 1676 iunctam
508 1637 569 1677 esse
592 1635 654 1674 cum
678 1617 741 1694 ipso
762 1617 865 1676 bestia·
915 1615 1070 1676 animalium
1091 1617 1191 1678 borum
1215 1619 1334 1697 partibus
1359 1639 1409 1677 or·

369 1723 429 1760 mm
446 1703 543 1762 harum
555 1701 642 1775 cultu,
656 1721 737 1761 uerno
752 1722 809 1760 non
820 1704 864 1761 in·
914 1702 972 1760 nati
985 1701 1022 1759 ad
1035 1701 1129 1762 oculos
1143 1704 1283 1764 bominum
1292 1705 1408 1764 tradudi

369 1777 474 1865 telligit.
518 1788 602 1856 Quod
634 1794 666 1845 ot
691 1787 863 1864 aliquatenus
914 1793 943 1847 et
960 1790 1413 1866 repraesentati3qnodneminem

369 1875 587 1954 perspiciamus,
607 1875 795 1934 astronomicis
817 1893 863 1932 ra·
912 1873 1072 1948 mirabitur,
1092 1876 1142 1951 qni
1159 1875 1226 1934 baec
1241 1879 1415 1938 anteomnis

313 1993 316 2000 ‹
370 1961 489 2019 tionibus
526 1959 670 2033 adhibitis,
713 1959 863 2036 cogitanda
912 1959 1050 2032 tenuerit,
1085 1959 1216 2019 οηίιοοὶἰο
1245 1981 1305 2020 esse
1333 1967 1414 2040 signo

370 2051 434 2104 sunt
449 2046 559 2105 siderea
574 2051 699 2104 armenta
713 2063 746 2104 ac
760 2065 861 2122 greges
913 2047 969 2102 siue
985 2043 1104 2122 sysnbolc
1118 2045 1239 2119 ἀεοτοοι,
1260 2067 1413 2108 summam·

369 2130 446 2190 solis.
476 2132 569 2200 Quum
581 2131 654 2190 enim
667 2131 794 2190 animalia
808 2131 864 2190 sint
913 2149 968 2207 que
986 2130 1075 2190 iubis
1095 2133 1283 2192 astronomiae
1306 2135 1412 2194 haben-

368 2218 485 2277 deorsnu
498 2217 576 2294 qnasi
594 2217 745 2293 imagines,
767 2215 805 2274 dii
815 2237 863 2276 ve-
913 2214 979 2274 dam
993 2235 1057 2276 esse
1070 2218 1211 2275 rationem.
1258 2217 1412 2279 Narncoe·

368 2323 401 2361 ro
423 2301 622 2378 Aegyptiorum
650 2320 779 2377 magnam
797 2320 864 2379 par·
912 2299 1023 2360 testium
1043 2301 1190 2361 bestiarum
1214 2323 1266 2363 seu
1285 2306 1410 2365 siderea-

369 2394 426 2446 tem
447 2385 623 2462 calendares,
652 2389 700 2462 qni
726 2388 863 2446 mensium
912 2405 974 2444 rum
989 2386 1071 2461 (essm
1094 2387 1132 2444 dii
1146 2385 1280 2462 lunares,
1302 2390 1408 2450 solarer

369 2473 447 2550 signa
461 2471 533 2530 inter
548 2493 578 2532 se
591 2472 802 2546 distribuerunt,
819 2473 863 2531 sa·
912 2489 946 2530 ac
951 2471 1105 2551 planetares
1113 2473 1170 2532 sint
1183 2475 1291 2534 siderea
1297 2489 1410 2534 armen·

368 2565 442 2617 ctum
457 2562 516 2630 est,
538 2565 582 2630 ut,
604 2555 704 2633 singsdi
721 2559 768 2616 ubi
781 2559 862 2634 signa
911 2557 956 2633 ta)
970 2557 1102 2633 imagines
1117 2565 1183 2617 sunt
1196 2560 1299 2619 bestiae
1311 2578 1406 2618 sama-

367 2663 419 2702 sua
448 2641 638 2719 ingrediantur
657 2663 709 2721 per
726 2639 861 2702 mensium
910 2647 958 2702 tae
971 2643 999 2701 in
1011 2642 1107 2718 terris,
1128 2663 1204 2721 quae
1215 2663 1261 2702 sua
1273 2661 1405 2721 quaeque

367 2726 536 2803 singulorum
551 2727 664 2802 orbem,
684 2727 804 2787 in'coelo
817 2729 860 2787 di·
910 2747 962 2806 per
976 2727 1130 2787 universam
1144 2730 1298 2808 Aegyptum
1310 2730 1338 2788 in
1353 2749 1404 2788 ur-

367 2820 465 2872 cautur
484 2812 611 2871 animalia
639 2814 757 2889 ingredi.
799 2814 859 2873 lam
910 2813 989 2870 bibus
1013 2815 1097 2873 sacris
1117 2815 1226 2874 stabula
1240 2821 1267 2875 et
1280 2814 1406 2894 sepulcra

367 2899 413 2958 ubi
436 2896 503 2956 iliud
523 2897 693 2973 invaluerat,
724 2905 755 2956 ut
778 2898 859 2958 certis
909 2897 1022 2957 babent
1050 2899 1140 2973 Hinc,
1163 2901 1406 2972 aliantomittam,

366 2983 522 3044 animalium
543 2985 640 3061 figuris
667 2989 809 3044 notaretur
830 2990 860 3046 et
908 3003 970 3042 mos
990 2983 1214 3064 sepeliendorum
1225 2986 1363 3045 hominurn
1377 2986 1406 3044 in

366 3071 489 3130 siderum
508 3072 645 3149 potiorum
666 3069 811 3146 (Zodiaci)
830 3077 860 3130 et
908 3069 1066 3129 conditoriis
1085 3089 1230 3130 sacrarum
1250 3073 1405 3132 bestiarum.

366 3156 502 3217 mensium
521 3155 618 3231 orbis,
645 3157 674 3214 io
695 3156 774 3215 fastis
793 3175 859 3216 con-
907 3153 1037 3233 Namque
1070 3161 1133 3215 erat
1176 3164 1404 3230 consentancum,

366 3242 466 3302 dendis
489 3248 682 3301 consecrarunt
706 3241 757 3301 bas
782 3241 857 3320 ipsas
908 3241 976 3301 baec
987 3238 1117 3300 animalia
1129 3249 1196 3322 post
1209 3249 1325 3302 mortem
1338 3263 1406 3301 con-

366 3329 468 3405 figuras
483 3327 655 3400 sacerdotes,
677 3347 733 3405 qno
748 3328 858 3408 penitus
908 3327 965 3384 dita
976 3323 1119 3403 sacrisque
1141 3326 1295 3386 conditoriis
1316 3345 1404 3404 repo-

365 3431 416 3472 eae
431 3413 460 3469 in
480 3414 613 3472 memoria
632 3412 774 3472 bominum
787 3412 858 3471 defi·
907 3412 1002 3470 siuas
1016 3411 1128 3490 sepulta
1144 3433 1212 3472 essa
1238 3411 1402 3486 Sanisera,

365 3501 512 3572 gerenur:
545 3498 596 3556 Est
608 3500 772 3578 praecipuus
782 3497 857 3557 iocus
906 3497 930 3554 si
946 3495 1086 3556 Herodoti
1101 3497 1173 3556 locris
1186 3513 1237 3553 una
1248 3494 1401 3572 iungamus

364 3582 448 3654 solis,
460 3601 477 3640 a
489 3583 564 3642 cuins
572 3603 624 3662 per
636 3585 718 3661 signa
731 3583 800 3643 cadi
815 3583 858 3642 in-
905 3581 949 3654 11,
971 3583 1116 3648 65-69
1137 3579 1194 3640 ind.
1211 3582 1263 3644 71·
1277 3585 1330 3647 72-
1346 3583 1400 3658 74)

364 3667 487 3745 signiora
524 3669 642 3728 meantis
668 3687 761 3727 annuo
788 3669 858 3728 orbe
904 3668 984 3741 ibes,
1011 3670 1164 3746 accipitres,
1185 3663 1283 3743 scier,
1313 3685 1401 3744 conss,

363 3753 489 3831 pendent
507 3752 634 3832 plurima.
677 3752 773 3814 Solem
791 3772 857 3812 vero
906 3753 1100 3826 ichneumones,
1113 3770 1217 3828 mures,
1229 3755 1342 3826 csnrsei,
1355 3774 1402 3812 us·

364 3837 503 3896 Osiridem
525 3859 587 3897 essc
619 3837 722 3896 dictum
742 3839 859 3907 scinus;
907 3841 948 3912 si,
970 3837 1044 3916 lupi,
1063 3836 1201 3911 crocoditi,
1215 3837 1401 3915 hippopotami,

364 3923 412 4000 qui
428 3924 540 3999 quando
561 3921 699 3983 caniculae
711 3922 805 3984 stellae
829 3925 858 3981 in
908 3922 1012 3998 lusce,
1032 3922 1154 3999 lpr'dots',
1166 3923 1322 3996 vigoritae,
1337 3923 1400 3981 onl-

363 4007 441 4068 coelo
460 4009 568 4084 signum
582 4005 738 4082 intraverit,
759 4006 858 4068 dicitur
901 4028 1027 4088 passeres
1045 4006 1189 4085 (plasmas)
1212 4023 1246 4065 sc
1268 4013 1401 4086 serpentes

362 4090 486 4162 Anubis,
515 4109 666 4170 canemque
686 4093 772 4154 hebet
790 4113 856 4154 con-
906 4095 1034 4170 qnidam,
1060 4110 1111 4171 per
1130 4089 1255 4166 singulos
1279 4091 1399 4173 Aegypti

362 4183 516 4249 secutam,
529 4182 561 4234 ut
574 4179 627 4237 bos
643 4185 672 4238 et
682 4179 855 4238 buculaOsi-
904 4197 1005 4238 nomos
1020 4175 1119 4254 singsdi
1132 4179 1289 4236 consecrati
1305 4197 1338 4238 ac
1350 4181 1398 4238 rite

362 4261 416 4320 ridi
429 4266 457 4320 et
473 4260 540 4321 Isidi
551 4267 682 4341 tanquam
695 4264 855 4323 soliluaae·
902 4263 1017 4322 conditi.
1059 4264 1130 4323 Com
1148 4260 1253 4340 quibus
1274 4263 1346 4323 enim
1359 4263 1397 4321 si·

362 4365 419 4426 que
433 4346 628 4425 adiunguntm.
655 4347 765 4411 Eadem
782 4348 853 4408 ratio
904 4354 963 4408 uus
977 4349 1110 4427 vitaeque
1119 4348 1192 4407 rstio
1206 4353 1267 4408 erat
1278 4367 1395 4408 commu·

361 4431 457 4510 gregis
468 4431 636 4512 reliquorum
649 4435 809 4498 animalium
823 4433 853 4495 in
903 4433 947 4493 nis
965 4431 1022 4510 (11,
1033 4435 1110 4512 86),
1133 4431 1275 4494 hauddia
1287 4451 1393 4513 qsroqus
