2990 5228
419 427 816 492 EUTERPEll.
1021 425 1087 490 868

17 609 25 664 ί
131 627 211 690 της,
243 595 458 685 Μενδήσιος,
496 593 727 683 Σεβεννύτης,
752 592 938 680 Ἀθριβίτης
950 637 961 670 ,
994 591 1087 672 Φορ-

17 751 19 784 r
132 723 300 812 βοοβίτης,
323 720 505 805 Θμουΐτης,
537 713 756 804 Ὀνουφίτης,
780 708 947 792 Ἀνύσιος,
968 713 1086 778 Μνυτ·

15 1021 16 1024 ¹
83 1055 154 1096 sous
167 1032 185 1091 Ι.
210 1031 288 1112 phar.
312 1027 338 1089 ll
358 1047 425 1110 pag.
442 1026 504 1094 104
525 1047 585 1107 seq.
636 1033 694 1088 tem
706 1047 801 1089 versus
818 1025 1004 1097 arelauno,
1016 1022 1063 1083 ubi
1078 1021 1129 1081 ad-

85 1125 154 1186 107
175 1138 234 1196 seq.
274 1117 377 1176 Riiter.
401 1114 547 1172 Erdlrund.
573 1113 586 1172 l
636 1111 690 1172 lruo
707 1115 808 1174 rudera
821 1111 1023 1193 conspiciuntur
1036 1108 1130 1168 adri·

14 1239 17 1250 ·
86 1225 155 1284 pag.
173 1207 236 1269 829
253 1221 313 1279 seq.
339 1199 400 1260 coll.
422 1199 527 1260 Geseu.
548 1199 605 1273 adp
636 1217 698 1258 aum
712 1199 850 1272 liminii,
877 1199 981 1276 inquo
1000 1196 1130 1273 ipsono·

40 1331 46 1344 .
88 1286 586 1366 lesai.XlX,11pag·616,quem
636 1285 712 1345 mina
745 1293 867 1344 vetarem
907 1279 1130 1360 appellationem,

90 1376 129 1434 ad
145 1374 172 1432 lr.
184 1373 203 1432 l.
218 1373 286 1432 citat
299 1370 350 1431 Cr.
636 1369 730 1429 demto
745 1369 847 1429 seilicet
860 1367 973 1426 articulo
988 1363 1023 1438 P,
1042 1383 1130 1441 agno-

134 1452 329 1537 Μευβήσιος]
352 1455 435 1515 Conl.
449 1473 533 1534 sopra
548 1454 585 1513 ad
635 1455 675 1514 vit
688 1453 843 1533 Champoll.
878 1451 953 1512 Nam
973 1449 1038 1510 olim
1056 1452 1130 1509 diee-

13 1573 15 1624 p
88 1545 214 1620 lll,48·
229 1543 270 1607 46
284 1549 353 1601 nott
636 1541 718 1599 batur
740 1538 884 1599 Plorloit.
929 1536 1003 1596 Add.
1027 1535 1129 1596 Ritter.

12 1683 14 1692 ,
138 1621 406 1706 Σεβεννύτης]
433 1625 479 1686 De
500 1623 586 1682 florio
636 1624 845 1704 l.l.lp.828.
1189 1695 1194 1706 ν

12 1707 13 1712 ’
93 1712 151 1773 Nili
167 1713 349 1787 Sebennytico
363 1713 480 1771 diximus
494 1711 523 1768 in
536 1729 586 1771 ex·
681 1707 845 1790 Θμουΐτης]
866 1707 977 1768 Tironis
987 1706 1063 1780 urbs,
1077 1723 1130 1764 un-

94 1795 271 1868 saraadll,
286 1801 333 1862 17.
376 1798 483 1856 Urbem
496 1797 587 1874 ipsam
637 1796 675 1856 de
701 1816 799 1856 uomus
826 1795 983 1867 Tlrrur'ter,
1017 1809 1072 1852 una
1093 1791 1130 1850 de

94 1881 169 1943 haud
196 1886 331 1942 memorat
354 1881 481 1956 Noster,
515 1899 588 1957 quae
637 1883 787 1942 maioribus
801 1879 923 1960 Aegypti
938 1877 1075 1937 inferioris
1083 1895 1130 1934 ur·

93 1968 226 2028 Straboni
252 1967 351 2025 dicitur
371 1963 393 2045 η
412 1967 587 2046 Σεβεννυτι-
637 1968 718 2027 bibus
732 1968 817 2026 luisse
827 1965 985 2046 perhibetur
996 1967 1025 2022 et
1039 1961 1130 2020 al'to-

92 2046 250 2134 aristellio,
273 2071 346 2112 nuno
364 2070 431 2112 raro
448 2050 589 2112 &aanor
637 2051 744 2113 lemaeo
776 2058 861 2131 caput
888 2049 964 2110 nomi
992 2047 1131 2108 Mendesii

91 2161 112 2198 s.
130 2137 280 2212 Semmad,
301 2138 486 2215 sebennytico
504 2138 589 2198 fluvio
639 2138 755 2212 dieitur,
783 2136 847 2198 licet
870 2135 1031 2196 Herodotus
1059 2133 1130 2193 duos

92 2226 128 2285 ab
143 2225 289 2285 occidente
301 2225 490 2302 apposita-
504 2223 589 2282 conf.
639 2244 744 2300 eosque
772 2224 897 2283 diversos
922 2223 1057 2281 memoret
1079 2237 1132 2276 no-

93 2310 299 2369 Schlioluthorrt.
315 2309 333 2367 l.
350 2308 367 2367 l.
379 2328 445 2388 pag.
461 2313 511 2374 69.
639 2329 710 2384 mos,
724 2307 900 2368 Mendesium
914 2313 999 2384 atque
1012 2303 1131 2364 Thmui·

133 2391 228 2472 Ἀθη
237 2395 275 2473 ιβ
283 2392 385 2474 ίτης]
406 2395 490 2453 Urbis
504 2394 589 2472 ipsios
639 2402 705 2454 tem.
749 2395 832 2463 Quae
846 2395 885 2452 sic
896 2409 1063 2471 componere
1074 2396 1133 2450 stu·

96 2478 245 2554 (Athribis)
263 2479 336 2537 unlla
356 2480 433 2557 apud
453 2479 589 2538 Nostrum
638 2480 688 2540 det
700 2478 854 2559 Champoll.
868 2478 886 2536 l.
896 2478 914 2537 l.
927 2476 951 2536 ll
969 2477 1131 2556 p.115sq.

97 2564 215 2636 mentio,
248 2581 415 2640 quamquam
440 2583 457 2622 e
484 2563 590 2642 praeci·
638 2571 670 2626 ui
681 2560 777 2643 νομὸν
794 2565 872 2644 apud
885 2564 1061 2623 Herodotum
1074 2577 1132 2620 nou

95 2649 171 2727 puis.
194 2646 319 2726 Aegypti
348 2647 485 2707 inferioris
516 2649 591 2707 urbi-
639 2657 696 2710 tam
712 2652 749 2711 de
764 2650 905 2729 provincia
919 2649 1132 2727 apraafaclura,

95 2734 147 2792 bus
167 2734 254 2796 fuisse
270 2735 365 2792 fertur.
400 2734 462 2792 Sita
478 2741 538 2793 erat
552 2734 590 2793 url
639 2737 773 2814 adquam
789 2735 883 2816 plures
895 2735 978 2794 urbes
990 2733 1133 2812 pertinue-

95 2819 255 2878 orientalem
275 2825 384 2896 partem
400 2818 519 2878 fluminis
534 2819 591 2879 Pe-
637 2823 716 2898 rint,
743 2841 826 2900 quam
843 2822 936 2900 potius
959 2820 997 2879 da
1023 2815 1132 2894 singulo
1164 2829 1165 2834 ’

93 2903 187 2962 lusiaoi
202 2903 277 2962 haud
297 2903 393 2983 procul
411 2905 447 2963 ab
467 2925 502 2964 eo
516 2904 587 2980 loco,
639 2905 752 2966 alicuius
766 2908 842 2966 urbis
852 2905 992 2966 territorio
1006 2905 1060 2964 dioi
1073 2904 1133 2963 eri·

92 2990 142 3048 ubi
156 3007 173 3048 a
190 2987 332 3048 Pelusiaco
351 2995 496 3066 separatur
513 2988 589 3049 Pha·
639 2993 740 3052 stimet.
783 2992 864 3060 Quae
876 2998 970 3052 tamen
981 3007 1087 3061 vereor,
1102 2993 1133 3046 ul

92 3074 226 3132 tmitieum
240 3074 349 3134 ostium.
370 3075 521 3150 Antiqoum
536 3093 588 3131 no-
637 3078 758 3136 virorum
772 3080 915 3136 doctorum
934 3092 1077 3135 assensum
1090 3073 1133 3130 in-

92 3159 282 3218 menAtlrrelr'
298 3157 448 3236 adilripe
461 3166 588 3219 nuneert
638 3163 758 3222 veniant.
801 3161 874 3222 Utut
899 3165 959 3234 est,
993 3161 1046 3218 sita
1073 3164 1134 3217 erat

93 3250 291 3304 commutatum
310 3245 339 3302 in
356 3243 452 3319 Atrr'b,
480 3246 528 3322 qui
547 3247 589 3304 ri·
642 3247 754 3307 Timuit
784 3247 851 3306 urbs
877 3245 951 3306 haud
983 3243 1133 3304 admodum

92 3349 143 3387 cos
157 3329 233 3387 urbis
247 3329 348 3389 veteris
359 3329 448 3390 lorum
462 3338 588 3410 occupat.
637 3341 777 3394 remotaa
797 3331 854 3394 Nili
875 3331 959 3390 liurio
975 3327 1132 3400 Mendesiq

94 3414 159 3472 Vid.
177 3412 332 3492 Champoll.
348 3413 366 3472 l.
381 3413 399 3472 l.
411 3436 439 3493 p.
451 3416 503 3481 48.
525 3417 589 3476 Rit-
639 3420 731 3480 media
753 3420 812 3478 sere
832 3418 904 3477 iuter
923 3415 951 3474 T
952 3415 1082 3474 nauticum
1103 3421 1133 3474 et

93 3506 147 3560 ler-
166 3496 243 3556 [Η
264 3516 330 3577 pag·
345 3501 418 3565 828.
639 3504 816 3573 Mendesium
849 3501 969 3562 fluvium.
1023 3499 1133 3560 Ruinae

139 3581 434 3664 Φοοβυιθίτης]
451 3583 590 3646 Ptooae-
640 3590 715 3649 urbis
728 3588 837 3666 amplae
852 3593 963 3648 exstant
975 3585 1133 3645 tribusmil·

90 3668 175 3729 iliter
193 3689 308 3744 nomos,
340 3671 389 3748 qui
408 3669 484 3730 solus
513 3674 591 3750 apud
639 3675 724 3734 liariir
732 3673 845 3734 Gallicis
860 3671 1056 3732 aMansouralr
1066 3691 1133 3750 pro·

89 3755 271 3815 Herodotum
287 3762 465 3829 memoratur,
487 3776 590 3817 nomeu
640 3780 678 3840 pe
694 3761 783 3821 vicum
798 3757 1133 3835 'lay('1'1maom6h).

88 3841 177 3900 traxit
189 3839 224 3900 ab
237 3841 306 3901 urbe
319 3840 495 3917 Plorloetlo'‚
506 3861 591 3920 quarn
640 3844 724 3904 Plura
730 3843 886 3923 Champoll
899 3842 916 3902 l.
926 3843 945 3902 l.
957 3849 986 3904 et
993 3841 1133 3902 Manuert.

90 3927 212 3986 eandam
236 3946 298 3987 esse
314 3934 400 4004 atque
415 3945 495 4002 eam,
516 3947 592 4005 quae
642 3930 749 4006 Geogr.
772 3929 824 3990 der
840 3930 891 3990 Gr.
911 3948 939 3988 u.
957 3925 1131 4001 nom.x,1

88 4031 170 4070 nuno
186 4017 300 4070 vooatur
317 4011 447 4087 Balbeis,
468 4011 590 4071 nonnulli
640 4033 706 4096 pag.
720 4015 792 4079 577.

89 4115 240 4177 perperam
254 4097 379 4156 arbitrati
396 4103 469 4170 sunt,
484 4102 516 4156 ut
528 4096 591 4176 plu·
681 4093 878 4179 Ὀνουφίτης]
893 4097 978 4159 Nomi
990 4098 1058 4157 situs
1073 4115 1132 4158 nou

87 4183 171 4242 ribus
193 4184 416 4241 commonstravit
434 4181 590 4262 Champoll.
639 4184 830 4246 satiarentur.
875 4183 1029 4242 Danvilliur
1048 4181 1131 4242 eollo-

88 4269 110 4328 l.
126 4266 143 4324 l.
158 4266 184 4325 ll
199 4284 227 4345 p.
241 4266 284 4332 94
297 4285 377 4346 seqq.
414 4264 488 4326 Nam
502 4267 590 4327 Phar·
640 4278 685 4329 eat
713 4269 742 4329 iu
765 4267 928 4328 occidentali
953 4267 1132 4344 Sebennytioi

90 4351 214 4412 baethus
228 4352 280 4410 sita
299 4358 360 4410 erat
376 4352 413 4411 ad
427 4350 589 4413 orientalem
639 4355 716 4414 florii
742 4357 819 4434 ripa,
847 4352 895 4411 ulri
915 4350 1131 4428 annaliorum,

89 4439 185 4517 ripam
207 4435 328 4498 Troiad
342 4436 441 4511 fluvii,
461 4437 590 4498 oooiden·
639 4439 789 4499 utArabes
805 4439 910 4498 dicunt.
931 4437 1014 4498 Cous.
1028 4438 1131 4500 coam·
