3006 5174
336 341 380 406 62
644 275 1000 394 uua'onour

336 503 374 574 dv
394 507 435 592 τῇ
451 497 612 592 Ἀσσησῷ,
634 493 734 592 uripde
753 519 788 564 re
801 494 838 566 ἐκ
857 499 917 582 τῆς
928 493 1054 564 νούσου
1070 491 1198 582 ἀνέστη.
1219 493 1305 564 κατὰ
1324 479 1328 488 ’
1470 538 1490 614 7*

336 617 561 712 atumem
573 619 763 707 Μιλησίους
779 639 815 687 re
828 615 886 686 καὶ
900 611 1139 704 Θρασύβουλον
1159 611 1342 704 niumm
1470 685 1490 698 q

333 732 491 829 Ἀλυάπῄ
514 728 580 810 ὦδε
599 737 679 826 ἔσχε.

254 863 304 936 23
421 859 630 948 Περίανδρος
655 850 739 928 di
695 881 760 950 ην
786 857 945 950 Κνψὲλου
971 811 1065 941 σταῖς,
1094 845 1193 938 οὗτος
1217 853 1237 926 ὁ
1257 859 1307 946 τῷ

101 966 171 1014 error
174 961 308 1067 dithyrffi

101 1020 224 1126 dirtdii'or
182 1013 305 1110 'uiuido

103 1123 190 1165 νιωσο·
350 1129 426 1170 aare
414 1101 501 1186 aiv
522 1099 575 1168 τὸν
598 1100 683 1206 πρὸς
696 1105 797 1183 Mein·
847 1102 921 1164 enim
938 1101 1128 1175 huiueeemodi
1149 1101 1337 1178 digressiones

309 1193 394 1267 σίους
429 1212 461 1253 τε
495 1188 548 1252 καὶ
583 1183 830 1272 Ooeodssoviov‘
846 1189 951 1270 passim
965 1187 1052 1267 ipsius
1065 1187 1340 1266 operirconrilinad-

310 1277 374 1358 ete]
394 1274 689 1354 ltaelibrieprobatis
703 1276 798 1334 edide-
848 1275 1003 1348 ducuntur,
1032 1274 1071 1331 ita
1083 1272 1197 1332 multum
1213 1273 1276 1332 iliae
1297 1275 1337 1332 sa·

310 1369 375 1426 runt
389 1361 541 1436 Schweigh.
557 1367 585 1420 et
599 1361 687 1420 Gaius.
705 1360 763 1418 ut
755 1378 800 1417 ιο-
847 1360 923 1418 ciunt
935 1359 973 1417 ad
985 1317 1139 1418 inditorum
1150 1358 1335 1418 auimoeeorn·

311 1448 397 1522 trel,
416 1451 466 1512 70
482 1450 533 1510 92.
561 1445 643 1506 Unus
657 1440 799 1506 liberari
847 1426 1000 1506 movendos
1026 1448 1110 1520 etque
1136 1443 1338 1504 demulcendos.

311 1529 355 1597 roi
379 1550 432 1611 pro
454 1524 558 1606 nard,
584 1531 658 1591 unde
679 1529 801 1606 vulgaris
848 1529 883 1588 Id
895 1529 971 1605 quod
986 1547 1037 1587 nec
1047 1535 1156 1589 veteres
1169 1529 1341 1608 firgitgram-
1432 1597 1436 1612 Ι
1489 1577 1490 1584 ,

311 1619 395 1679 lentio
419 1616 511 1691 fluxit,
548 1613 621 1692 quae
656 1615 779 1674 edhuc'
771 1631 802 1672 ur
848 1615 981 1688 maticoe,
1010 1613 1074 1690 qui,
1106 1633 1163 1690 quo
1187 1616 1342 1673 auditorum

311 1703 411 1764 Motu.
423 1659 544 1762 editidne
558 1705 710 1803 oonparet.
737 1695 802 1805 aqi
851 1699 934 1758 animi
956 1699 1032 1755 suavi
1049 1699 1235 1758 fabulosarum
1249 1719 1341 1758 rerum

313 1783 366 1851 τοὶ
390 1780 460 1867 μὲν
492 1778 583 1846 κατὰ
614 1780 684 1846 adv
707 1780 803 1865 πρός
850 1784 1006 1843 narratione
1020 1791 1183 1863 caperentru
1197 1781 1339 1862 etabrrpe-

312 1810 411 1936 Μισ..μ
432 1869 495 1930 Ad
490 1888 556 1930 rem
579 1872 650 1929 oonf.
671 1868 804 1948 Polyaeni
852 1874 962 1943 rentur,
993 1867 1181 1945 digressiones
1208 1867 1339 1930 eirumodi

309 1959 433 2036 strateg.
450 1953 507 2030 Vl,
529 1953 580 2020 47.
854 1955 890 2014 ab
909 1955 1038 2013 historioo
1058 1957 1176 2014 orationi
1193 1955 1300 2016 finiere
1292 1961 1339 2010 ur-

459 2082 541 2162 Cap
562 2081 666 2142 mn
852 2037 1342 2200 ξεεσῖιῗῗῗάεὲῐῖζῖῒὺἰοηῗῗὲοῑσῗ

357 2207 547 2290 Περίανδρος
558 2197 629 2271 δὲ
605 2230 647 2288 ην
659 2203 806 2286 Κυψέλου
854 2208 939 2269 ludin
957 2210 994 2268 de
1014 2209 1140 2286 T.hucyd
1160 2206 1208 2268 vl.
1227 2228 1256 2286 p.
1277 2211 1343 2275 823

313 2301 430 2368 παῖςκ.
444 2315 474 2356 τ
484 2293 522 2375 λ]
545 2293 676 2371 Sequitur
695 2293 740 2353 hie
754 2313 806 2352 no·
855 2295 899 2354 ed.
912 2294 1009 2353 Reisk
1022 2294 1142 2355 Marcell.
1150 2291 1342 2370 Vit'l’hucyd

311 2382 446 2442 biiiseima
469 2381 505 2438 de
524 2377 628 2438 Arione
646 2385 731 2456 atque
751 2379 806 2438 Pe-
854 2379 1115 2460 p.729,11}3eek
1135 2380 1184 2461 (p.
1198 2381 1264 2444 832
1283 2375 1341 2436 P.1

241 2498 245 2511 ·
314 2464 547 2538 riandrosabuia,
568 2483 619 2541 per
632 2469 720 2523 totam
734 2463 805 2522 anti-
854 2463 916 2523 vor.
931 2464 1005 2529 led,
1029 2401 1174 2544 Pop'pop)
1189 2463 1250 2524 coli
1268 2465 1342 2523 Her-

313 2551 448 2630 quitatem
461 2550 558 2609 merito
572 2547 716 2608 celebrata.
758 2546 805 2606 Ad
853 2569 964 2626 mugen.
979 2551 1006 2607 in
1022 2550 1151 2609 Biblioth.
1164 2551 1192 2608 d.
1206 2547 1343 2609 aitenLit.

315 2657 399 2714 qnam
421 2635 596 2694 Herodotum
613 2635 711 2694 nune
725 2633 805 2710 quari
853 2635 1098 2714 uKunetVlle.
1112 2639 1140 2702 8.
1163 2636 1248 2704 Quod
1258 2653 1343 2715 prae-

315 2731 351 2781 ex
365 2721 460 2800 operis
482 2719 524 2778 eui
537 2717 629 2783 indole
642 2727 726 2796 atque
738 2738 804 2778 oon-
853 2719 933 2797 cipue
953 2725 1011 2778 tum
1039 2721 1099 2780 fieri
1119 2721 1258 2794 videmus,
1295 2718 1343 2778 ubi

313 2804 515 2864 eiiiodeiatum
534 2804 639 2879 uisse,
660 2804 733 2862 haurd
753 2805 806 2862 uri-
855 2805 989 2865 Graeeiae
1016 2808 1152 2882 quaedam
1179 2805 1275 2864 ciritae
1298 2803 1340 2863 rel

182 2961 183 2964 Ἴ
313 2910 375 2950 rum
399 2889 538 2947 ridebitur
563 2889 605 2963 ei,
648 2889 696 2966 qui
723 2889 804 2948 huius
853 2888 1340 2969 ipsaunivereaGraeoiaiaudirnon-

313 2975 403 3052 ipsine
444 2973 578 3034 redonen
624 2975 806 3052 perspexerit.
854 2975 919 3032 nihil
933 2976 998 3035 inde
1018 2984 1133 3056 caparra
1155 2977 1191 3034 eit
1213 2982 1260 3035 aut
1279 2974 1351 3050 gio--

314 3059 410 3128 Quum
421 3057 497 3119 enirn
517 3059 553 3116 ad
566 3056 705 3135 Lydieeas
717 3060 805 3118 hieto-
853 3061 928 3133 riae3
957 3064 1188 3137 quemadmodum
1208 3060 1336 3119 hocloco

312 3145 369 3202 riae
409 3145 559 3222 pertineret
599 3143 806 3221 quodammodo
853 3145 1005 3220 ueiebmtur
1020 3148 1178 3222 Corinthus,
1192 3145 1340 3206 Periander

248 3270 251 3283 .
313 3227 481 3305 ssmybuii
504 3228 633 3304 historia,
662 3228 698 3287 ad
722 3247 804 3306 quem
854 3211 906 3304 (de
920 3249 975 3306 quo
989 3231 1154 3310 pluruinfra
1168 3192 1222 3305 ill,
1241 3229 1282 3294 48
1298 3247 1339 3306 sq·

312 3315 404 3393 iprum
423 3313 488 3372 oiim
508 3313 621 3372 mrdnmr
642 3312 725 3372 vairrit
749 3312 805 3374 Pe-
854 3313 931 3388 etv,
946 3319 1009 3394 92)
1031 3323 1114 3416 atque
1126 3317 1237 3376 omnino
1253 3315 1341 3374 Grae-

262 3421 264 3426 ‘
314 3398 442 3470 riander,
469 3395 544 3454 haud
563 3415 582 3456 a
603 3419 635 3458 ee
657 3399 804 3474 impetrare
853 3417 946 3458 uorum
961 3403 989 3458 iu
1000 3403 1080 3478 poe'si
1096 3401 1165 3462 laur.
1208 3402 1268 3462 Sed
1289 3399 1343 3459 alia

311 3483 404 3562 potnit
415 3439 544 3540 historiae
556 3487 652 3559 pater,
666 3483 734 3558 quin
746 3503 805 3542 reru
853 3503 965 3561 quoque
979 3489 1131 3562 spectanda
1149 3492 1229 3562 sunt,
1250 3505 1344 3564 gram-

311 3571 464 3628 memoretu
492 3567 698 3643 diguissimam,
732 3585 805 3646 quae
853 3571 958 3628 maticis
972 3570 1115 3648 illievulgo
1128 3570 1261 3646 neglecta
1273 3570 1371 3638 Per·x

313 3651 353 3709 iiii
376 3650 525 3725 acciderat,
552 3669 680 3728 quaeque
706 3671 805 3712 monu·
853 3655 942 3714 tinent
955 3655 1023 3717 haec
1036 3659 1073 3716 ed
1088 3656 1221 3735 pietatem
1236 3663 1265 3717 et
1276 3657 1343 3715 reli-

313 3735 656 3812 mentiequoquepubiicie
666 3737 804 3796 civitatum
853 3739 965 3814 gionem
985 3744 1121 3816 auctoris,
1148 3743 1195 3818 qui
1215 3741 1344 3802 lubenter

312 3819 482 3879 Graecarum
496 3819 633 3880 celebrata
653 3828 729 3895 eret,
749 3821 804 3902 nic,
852 3826 1224 3886 ensuerrationeeintereerit
1225 3829 1342 3904 ‚quibua

313 3904 381 3962 dutd
395 3905 496 3964 eerueet
505 3907 661 3982 opportuna
672 3906 802 3964 narrando
842 3909 924 3970 mala
957 3913 1079 3970 facinora
1113 3911 1216 3991 puniri,
1252 3913 1340 3990 probe

310 3990 471 4064 orduone,
491 3991 725 4066 praetermitteret
767 3992 801 4051 Iu
848 3992 952 4054 laudari
966 4002 1075 4074 patent,
1103 3998 1259 4074 quibusque
1272 3997 1339 4054 deo-

311 4093 368 4150 quo
383 4033 544 4134 Heroddtea
556 4075 678 4134 mnodo
693 4076 800 4138 adHo-
847 4099 908 4138 rum
922 4081 1024 4140 iustitia
1034 4089 1270 4144 commonstretur
1288 4080 1337 4138 Sie

309 4159 401 4218 meriri
415 4159 540 4218 carminis
556 4161 689 4219 rationem
701 4180 799 4222 aseen-
846 4163 894 4224 illa
905 4162 1015 4223 Arionis
1037 4169 1195 4228 narratione
1214 4167 1266 4226 hoe
1283 4165 1338 4224 do-

308 4243 379 4302 dit
345 4262 487 4346 rpeeque
509 4242 713 4304 Herodotus
694 4267 797 4328 ομηρι-
846 4268 908 4308 uere
921 4249 983 4309 vult
993 4249 1154 4327 historicus,
1165 4253 1337 4312 nuliumeoe·

306 4319 441 4405 adverae
467 4329 552 4394 σιίοκ
578 4332 711 4410 augutu
755 4331 797 4394 Ut
842 4332 887 4395 tue
906 4333 950 4397 vel
969 4335 1140 4401 clandertine
1153 4339 1339 4414 commirenm,
