2990 5228
265 435 331 500 8⁰⁰
621 429 1044 494 Excuasusu

267 604 304 664 ed
324 601 469 680 Lydorum
491 601 640 682 religiones
665 603 793 684 pertinet.
835 601 894 662 lam
914 619 976 660 enm
998 619 1080 662 nemo
1102 601 1223 674 nesciat,
1250 619 1339 678 qrram
1365 604 1426 662 vim

267 707 447 765 Etrrrrcoruru
465 705 576 766 oracrrla
597 707 625 765 in
640 705 828 766 Romanorum
846 725 891 764 rer
910 705 1057 782 nunquan
1083 713 1113 764 et
1130 705 1166 764 ad
1183 701 1297 762 Claudii
1322 724 1428 783 usqne

267 808 442 888 imperatorie
460 813 587 887 temporo
607 808 767 880 habuerint,
793 805 943 886 probabilis
965 807 1122 868 coniednre
1145 812 1209 882 eet,
1235 805 1311 866 illam
1336 828 1427 869 men-

266 911 369 969 tionem
390 907 498 988 Lydiae
518 910 591 970 Daue
608 909 645 968 ad
664 909 799 969 Etrrreoor
824 909 900 988 prinu
919 927 1002 986 qnam
1022 910 1060 967 ad
1079 909 1222 968 Romanoa
1240 912 1426 988 pmrenisue.

266 1013 346 1072 Heec
362 1011 515 1072 cremam.
555 1011 656 1088 ltaque
671 1010 820 1090 probamur
834 1010 971 1070 Lanzium
990 1011 1094 1072 cantino
1112 1012 1150 1071 de
1165 1011 1208 1072 bin
1229 1013 1425 1076 &maten

265 1133 320 1175 nec
333 1113 461 1194 Dionysii
476 1113 665 1174 auctoritatem
687 1119 792 1174 temere
809 1119 972 1192 sequentem
988 1115 1016 1172 in
1034 1115 1123 1192 Sagg.
1143 1115 1172 1174 di
1191 1114 1261 1193 ling.
1275 1117 1391 1178 Etrnur.
1409 1121 1423 1178 l

266 1237 297 1298 p.
312 1217 360 1282 14.
377 1217 445 1282 147.
466 1215 492 1274 ll
506 1235 535 1294 p·
551 1217 602 1281 82.
620 1217 662 1280 88
677 1235 755 1294 seqq.
767 1216 811 1276 ed
824 1236 895 1290 ree,
915 1216 962 1277 nbi
978 1217 1064 1276 multa
1078 1217 1153 1278 idem
1177 1217 1271 1278 attulit
1294 1220 1421 1298 ringula,

267 1337 341 1395 quae
363 1319 400 1378 ad
416 1319 595 1377 Etmroernm
615 1337 707 1378 rerum
732 1320 869 1396 originem
892 1318 1025 1398 Lydicam
1045 1319 1090 1378 rel
1110 1325 1189 1380 berte
1201 1319 1344 1380 Annum
1368 1326 1418 1382 fa-

268 1421 349 1480 ciant
389 1419 529 1498 Equidem
544 1421 610 1498 qnid
624 1427 757 1497 sunam,
779 1427 927 1500 antequam
945 1421 974 1481 in
996 1421 1118 1481 medium
1140 1423 1283 1500 proteum,
1304 1425 1411 1485 dieen-

268 1523 335 1582 du‘m
356 1528 400 1582 ert
428 1524 466 1583 de
490 1522 525 1582 C.
545 1523 582 1583 0.
603 1523 713 1583 lllrilleri
740 1525 895 1600 sententia,
920 1525 950 1582 iu
971 1523 1045 1583 librr.
1067 1524 1104 1584 de
1125 1523 1245 1584 Etrneds
1268 1525 1403 1588 relumine

267 1625 355 1704 priori
370 1645 399 1706 p.
411 1630 455 1692 72
471 1645 550 1704 seqq.
572 1627 614 1691 82
630 1645 711 1706 reqq.
733 1629 774 1691 88
787 1646 866 1706 seqq.
889 1626 1011 1706 pluribus
1030 1627 1167 1705 exposita.
1216 1626 1347 1706 Namque
1367 1651 1413 1689 oo-

246 1711 247 1716 *
268 1726 349 1786 lonoe
364 1747 398 1788 ex
411 1727 478 1788 usia
494 1729 593 1787 minori
606 1729 635 1788 in
647 1727 786 1788 Etruriam
796 1729 905 1788 venisse
925 1729 1000 1788 bend
1020 1727 1065 1788 ille
1078 1735 1179 1806 negat3
1199 1748 1253 1789 nec
1270 1751 1338 1790 vero
1356 1731 1421 1811 Ly-

270 1832 323 1891 doo
336 1831 422 1892 luisse
433 1832 594 1907 arbitratur,
615 1832 665 1892 red
676 1829 808 1907 Pelasgos
820 1829 946 1910 palantes
954 1875 963 1904 ,
978 1830 1026 1908 qui
1040 1830 1125 1890 iidem
1140 1829 1281 1908 Leebrmr,
1296 1831 1423 1894 lmbrrnn

270 1933 396 2010 aliasque
412 1932 520 2010 Aegaei
542 1933 625 1993 marie
646 1933 749 1993 insulas
773 1931 839 1992 olim
857 1933 994 1992 tenuerint
1018 1932 1097 1990 etin
1117 1929 1200 1992 Atiae
1225 1934 1338 1994 minoris
1366 1957 1421 1996 ora

269 2035 377 2114 Lydioa
398 2054 512 2115 qnoque
531 2036 708 2096 comederint
725 2034 816 2110 (nude
829 2032 980 2111 Tyrrheni·
995 2033 1068 2092 adeo
1090 2033 1144 2092 illis
1164 2037 1351 2114 cognomen),
1373 2038 1420 2098 iris

270 2139 337 2220 ipeir
352 2158 369 2199 e
383 2140 464 2200 terrie
478 2140 548 2199 mari
562 2139 676 2199 baiecto
693 2139 730 2200 ad
751 2136 847 2197 ltaliae
867 2156 929 2196 orae
942 2136 1109 2216 Tiberioque
1119 2139 1205 2200 ferme
1220 2140 1293 2198 ostia
1304 2143 1421 2202 variae

269 2241 364 2320 ibique
380 2239 544 2320 Tarquinios
559 2240 733 2325 potissimum
749 2239 923 2316 oondiclisne,
945 2259 1030 2318 quam
1049 2239 1105 2320 ipsi
1117 2239 1206 2299 Tucci
1228 2239 1325 2300 urbem
1345 2241 1422 2302 inter

254 2341 390 2420 reiquae
403 2343 561 2421 primariam
575 2341 736 2418 habuerint,
756 2343 880 2402 omnium
901 2361 993 2402 rerum
1018 2347 1049 2402 et
1067 2341 1219 2400 divinamm
1238 2349 1266 2401 et
1279 2343 1421 2404 humam-

267 2439 330 2502 rur'n
344 2441 420 2521 apud
439 2441 548 2504 Tuocor
561 2447 640 2524 quari
651 2450 803 2526 parentem.
846 2441 948 2521 Neque
966 2444 1048 2504 etiam
1062 2442 1152 2502 Coeia
1168 2445 1301 2504 rationem
1315 2445 1417 2505 baberi

267 2549 362 2622 negat
405 2545 486 2615 Quae
506 2548 725 2608 sententiarum
745 2548 782 2608 ab
800 2547 940 2608 Herodoti
961 2547 1083 2624 (quem,
1104 2546 1242 2606 Graecum
1263 2547 1416 2623 bominem,

270 2649 392 2708 Graeour
411 2647 591 2709 Etruscorum
611 2650 731 2728 origines
753 2668 812 2710 non
826 2649 990 2729 protulirsc,
1013 2649 1096 2710 modo
1117 2647 1186 2708 talea
1206 2650 1321 2722 suerint,
1344 2652 1410 2725 quis

269 2746 411 2827 credati)
432 2750 603 2828 aliorumque
619 2752 781 2830 scriptorum
796 2751 955 2810 testimonio
967 2753 1088 2824 recedat,
1109 2769 1160 2809 nec
1178 2751 1243 2827 ipsis
1259 2749 1321 2808 artie
1341 2767 1406 2809 mo·

269 2852 407 2910 numentir
420 2867 511 2930 nuper
531 2849 648 2910 detectis
667 2853 829 2926 conveniat,
854 2872 913 2913 non
932 2860 993 2930 est,
1010 2853 1082 2932 qnod
1098 2851 1145 2909 diu
1169 2853 1198 2908 in
1218 2869 1253 2910 ea
1274 2851 1406 2928 immore

178 2967 192 2982 ’
267 2971 341 3013 mur.
381 2950 456 3025 lam,
477 2955 509 3010 ut
520 2949 573 3010 boe
585 2970 671 3012 unum
682 2955 767 3013 modo
784 2975 1011 3030 commemorem,
1030 2958 1165 3032 quotquot
1181 2953 1215 3012 in
1229 2954 1414 3017 Etrmeomm

270 3053 403 3136 repuleris
418 3053 533 3132 aliieqne
543 3056 727 3115 monumentis
738 3058 938 3137 repraesentati
949 3057 1159 3138 conspiciuntur
1169 3055 1312 3133 homines,
1322 3079 1417 3120 nonne

271 3157 353 3218 aliam
369 3177 482 3237 prorsus
497 3155 551 3214 orie
563 3154 794 3234 delineationem,
816 3159 898 3219 alium
912 3159 1033 3234 vultum,
1055 3158 1143 3218 alirrm
1156 3179 1271 3238 prorsnr
1293 3165 1416 3243 corporis
1481 3159 1482 3196 l

271 3264 488 3322 commonstrant
503 3257 642 3334 habitum,
665 3259 746 3321 valde
760 3261 834 3322 illum
848 3262 959 3339 quiden
975 3268 1113 3322 remotum
1130 3281 1150 3321 a
1165 3263 1306 3324 Graecini

355 3393 474 3454 Multum
494 3394 568 3454 enim
589 3394 685 3471 abeat,
713 3401 747 3455 ut
770 3413 843 3474 quae
864 3397 1020 3476 nuperrime
1041 3395 1157 3456 detecta
1176 3405 1205 3458 et
1225 3419 1242 3460 e
1263 3399 1414 3480 hypogaeis

269 3495 388 3558 maxime
407 3504 486 3556 eruta
508 3501 573 3555 runt
597 3498 796 3558 retortiuimae
812 3497 987 3557 Etrnecorum
1007 3499 1077 3556 artis
1097 3509 1293 3575 monumenta,
1321 3501 1409 3560 Grae-

269 3617 330 3658 mm
342 3599 463 3677 prodant
480 3597 634 3674 originem,
658 3605 689 3658 ut
707 3601 745 3660 ad
765 3602 900 3662 orientem
917 3598 1011 3679 potina
1033 3601 1178 3660 referenda
1195 3604 1354 3676 rideantur,
1375 3623 1413 3662 eu

269 3719 326 3780 quo
347 3717 401 3756 uno
424 3698 574 3775 imagines,
597 3702 696 3778 rigna,
726 3702 851 3778 symbola
869 3703 899 3761 in
915 3702 991 3762 bisce
1012 3703 1193 3762 monumentis
1212 3702 1411 3778 antiquissimi·

269 3799 417 3879 eonipieu
433 3797 563 3860 illustrari
585 3809 673 3882 atque
695 3805 811 3882 intelligi
831 3809 972 3884 poterunt.
1016 3802 1158 3873 Quaenam
1174 3820 1237 3860 rero
1258 3801 1330 3863 baec
1351 3805 1410 3883 ipsa

269 3903 383 3964 orientis
404 3903 439 3961 sit
455 3902 550 3980 regio,
572 3907 615 3964 cui
636 3923 688 3963 ena
709 3905 829 3968 debeant
850 3907 936 3966 Tusci
954 3913 985 3968 et
1005 3907 1079 3966 unde
1099 3905 1251 3965 Tueoonrm
1272 3907 1355 3986 origo
1374 3909 1409 3966 sit

270 4005 439 4086 repetenda,
468 4004 498 4065 id
518 4012 595 4066 certo
617 4009 799 4085 pronunciare
820 4009 934 4102 minime
960 4008 1051 4068 adlrnc
1068 4007 1149 4082 lieet,
1176 4027 1265 4084 quum
1287 4009 1347 4090 ipsa
1363 4009 1407 4068 illa

270 4114 448 4168 monomenta
464 4109 586 4168 nondun
605 4111 698 4168 omnia
719 4111 757 4168 ad
778 4117 936 4172 accuratam
964 4113 1106 4172 doctonrrn
1128 4111 1273 4171 bominum
1288 4112 1406 4171 notitiam

270 4212 445 4292 pervenerint
457 4211 585 4288 adeoque
598 4210 675 4270 novio
687 4213 804 4272 inventio
820 4213 944 4289 qnotidie
956 4223 1124 4293 augeantur,
1138 4221 1185 4290 ut,
1197 4216 1253 4274 niei
1267 4215 1349 4273 omnir
1362 4233 1406 4274 me

271 4311 342 4372 fallit
354 4329 432 4391 spen,
452 4311 602 4390 aliqnando
617 4314 749 4374 tenebrae
766 4329 840 4374 nune
852 4315 1029 4378 Etnucorum
1052 4321 1135 4380 rebus
1155 4317 1261 4377 offam
1273 4317 1406 4394 dissipen-

271 4421 318 4475 tur
331 4413 482 4494 clon'orqne
501 4415 542 4476 hic
556 4416 636 4478 term
654 4415 789 4494 affulgeat
803 4414 857 4478 lux.
893 4419 964 4480 Utut
978 4427 1038 4497 ert,
1060 4421 1221 4482 orientalem
1235 4419 1402 4478 Etruscorum
