<?xml version="1.0" encoding="UTF-8"?>
<!DOCTYPE html PUBLIC "-//W3C//DTD XHTML 1.0 Transitional//EN"
    "http://www.w3.org/TR/xhtml1/DTD/xhtml1-transitional.dtd">
<html xmlns="http://www.w3.org/1999/xhtml" xml:lang="en" lang="en">
 <head>
  <title>
</title>
<meta http-equiv="Content-Type" content="text/html;charset=utf-8" />
  <meta name='ocr-system' content='tesseract 3.04.00' />
  <meta name='ocr-capabilities' content='ocr_page ocr_carea ocr_par ocr_line ocrx_word'/>
</head>
<body>
  <div class='ocr_page' id='page_1' title='image "./herodotimusae00herogoog_0928.png"; bbox 0 0 2990 5228; ppageno 0'>
   <div class='ocr_carea' id='block_1_1' title="bbox 605 446 1051 510">
    <p class='ocr_par' dir='ltr' id='par_1_1' title="bbox 605 446 1051 510">
     <span class='ocr_line' id='line_1_1' title="bbox 605 446 1051 510; baseline -0.007 0"><span class='ocrx_word' id='word_1_1' title='bbox 605 447 970 510; x_wconf 80' lang='lat' dir='ltr'>EXCURSUS</span> <span class='ocrx_word' id='word_1_2' title='bbox 1012 446 1051 507; x_wconf 80' lang='lat' dir='ltr'>IX</span> 
     </span>
    </p>
   </div>
   <div class='ocr_carea' id='block_1_2' title="bbox 411 1117 1226 1366">
    <p class='ocr_par' dir='ltr' id='par_1_2' title="bbox 411 1117 1226 1366">
     <span class='ocr_line' id='line_1_2' title="bbox 559 1117 1083 1194; baseline 0 -2"><span class='ocrx_word' id='word_1_3' title='bbox 559 1117 1083 1194; x_wconf 84' lang='lat' dir='ltr'>EXGURSUSIX</span> 
     </span>
     <span class='ocr_line' id='line_1_3' title="bbox 411 1291 1226 1366; baseline -0.004 -12"><span class='ocrx_word' id='word_1_4' title='bbox 411 1291 1226 1366; x_wconf 45' lang='lat' dir='ltr'>Annnnonounstn</span> 
     </span>
    </p>
   </div>
   <div class='ocr_carea' id='block_1_3' title="bbox 700 1469 908 1482">
    <p class='ocr_par' dir='ltr' id='par_1_3' title="bbox 700 1469 908 1482">
     <span class='ocr_line' id='line_1_4' title="bbox 700 1469 908 1482; baseline 0 -2"><span class='ocrx_word' id='word_1_5' title='bbox 700 1469 908 1482; x_wconf 59' lang='lat'>-*</span> 
     </span>
    </p>
   </div>
   <div class='ocr_carea' id='block_1_4' title="bbox 219 1507 1470 1784">
    <p class='ocr_par' dir='ltr' id='par_1_4' title="bbox 219 1507 1470 1842">
     <span class='ocr_line' id='line_1_5' title="bbox 219 1507 1470 1684; baseline -0.007 -19"><span class='ocrx_word' id='word_1_6' title='bbox 219 1671 224 1684; x_wconf 38' lang='grc' dir='ltr'>Ι</span> <span class='ocrx_word' id='word_1_7' title='bbox 290 1599 350 1666; x_wconf 78' lang='lat' dir='ltr'>Ad</span> <span class='ocrx_word' id='word_1_8' title='bbox 371 1597 499 1666; x_wconf 81' lang='lat' dir='ltr'>verba.-</span> <span class='ocrx_word' id='word_1_9' title='bbox 524 1591 763 1681; x_wconf 74' lang='grc' dir='ltr'><strong><em>Σαναχάριβον</em></strong></span> <span class='ocrx_word' id='word_1_10' title='bbox 790 1597 928 1683; x_wconf 79' lang='grc' dir='ltr'><strong><em>βασιλέα</em></strong></span> <span class='ocrx_word' id='word_1_11' title='bbox 954 1591 1114 1682; x_wconf 71' lang='grc' dir='ltr'>Ἀραβίων</span> <span class='ocrx_word' id='word_1_12' title='bbox 1143 1593 1257 1664; x_wconf 75' lang='grc' dir='ltr'><strong>τεκαὶ</strong></span> <span class='ocrx_word' id='word_1_13' title='bbox 1278 1589 1390 1658; x_wconf 68' lang='grc' dir='ltr'><strong><em>’Λαῦν-</em></strong></span> <span class='ocrx_word' id='word_1_14' title='bbox 1468 1507 1470 1564; x_wconf 56' lang='lat' dir='ltr'>i</span> 
     </span>
     <span class='ocr_line' id='line_1_6' title="bbox 526 1699 761 1784; baseline -0.006 -20"><span class='ocrx_word' id='word_1_15' title='bbox 526 1699 609 1784; x_wconf 78' lang='lat' dir='ltr'>pino</span> <span class='ocrx_word' id='word_1_16' title='bbox 627 1722 658 1765; x_wconf 79' lang='grc' dir='ltr'>κ.</span> <span class='ocrx_word' id='word_1_17' title='bbox 683 1721 709 1764; x_wconf 80' lang='grc' dir='ltr'>τ.</span> <span class='ocrx_word' id='word_1_18' title='bbox 732 1702 761 1764; x_wconf 76' lang='lat' dir='ltr'>t·</span> 
     </span>
    </p>
   </div>
   <div class='ocr_carea' id='block_1_5' title="bbox 148 1835 1470 4467">
    <p class='ocr_par' dir='ltr' id='par_1_5' title="bbox 250 1835 1470 2737">
     <span class='ocr_line' id='line_1_7' title="bbox 334 1835 1470 1948; baseline -0.002 -50"><span class='ocrx_word' id='word_1_19' title='bbox 334 1837 525 1919; x_wconf 79' lang='lat' dir='ltr'>Expeditionir</span> <span class='ocrx_word' id='word_1_20' title='bbox 550 1857 568 1898; x_wconf 82' lang='lat' dir='ltr'>e</span> <span class='ocrx_word' id='word_1_21' title='bbox 596 1839 785 1898; x_wconf 76' lang='lat' dir='ltr'>Snuooheribo</span> <span class='ocrx_word' id='word_1_22' title='bbox 810 1835 986 1915; x_wconf 81' lang='lat' dir='ltr'>Assyriorum</span> <span class='ocrx_word' id='word_1_23' title='bbox 1016 1858 1083 1916; x_wconf 84' lang='lat' dir='ltr'>rege</span> <span class='ocrx_word' id='word_1_24' title='bbox 1112 1845 1263 1919; x_wconf 78' lang='lat' dir='ltr'>rmoeptne</span> <span class='ocrx_word' id='word_1_25' title='bbox 1286 1839 1400 1916; x_wconf 77' lang='lat' dir='ltr'>prseter</span> <span class='ocrx_word' id='word_1_26' title='bbox 1468 1847 1470 1948; x_wconf 51' lang='lat' dir='ltr'>p</span> 
     </span>
     <span class='ocr_line' id='line_1_8' title="bbox 250 1938 1470 2024; baseline -0.007 -18"><span class='ocrx_word' id='word_1_27' title='bbox 250 1944 400 2024; x_wconf 87' lang='lat' dir='ltr'>lorephum</span> <span class='ocrx_word' id='word_1_28' title='bbox 417 1939 590 2018; x_wconf 81' lang='lat' dir='ltr'>urehueoiog.</span> <span class='ocrx_word' id='word_1_29' title='bbox 616 1941 659 2015; x_wconf 94' lang='lat' dir='ltr'>X,</span> <span class='ocrx_word' id='word_1_30' title='bbox 676 1947 691 2006; x_wconf 90' lang='lat'>1</span> <span class='ocrx_word' id='word_1_31' title='bbox 716 1939 782 2020; x_wconf 76' lang='lat'>§.4</span> <span class='ocrx_word' id='word_1_32' title='bbox 803 1941 928 2000; x_wconf 84' lang='lat' dir='ltr'><strong>meminit</strong></span> <span class='ocrx_word' id='word_1_33' title='bbox 950 1961 1062 2020; x_wconf 86' lang='lat' dir='ltr'>quoque</span> <span class='ocrx_word' id='word_1_34' title='bbox 1083 1941 1206 2016; x_wconf 68' lang='lat' dir='ltr'>imatus,</span> <span class='ocrx_word' id='word_1_35' title='bbox 1244 1941 1292 2018; x_wconf 85' lang='lat' dir='ltr'>qui</span> <span class='ocrx_word' id='word_1_36' title='bbox 1311 1938 1394 2014; x_wconf 76' lang='lat' dir='ltr'>vulgo</span> <span class='ocrx_word' id='word_1_37' title='bbox 1469 1949 1470 1962; x_wconf 65' lang='lat'>¹</span> 
     </span>
     <span class='ocr_line' id='line_1_9' title="bbox 252 2041 1470 2126; baseline -0.007 -18"><span class='ocrx_word' id='word_1_38' title='bbox 252 2049 352 2108; x_wconf 86' lang='lat' dir='ltr'>dieitur</span> <span class='ocrx_word' id='word_1_39' title='bbox 373 2065 433 2126; x_wconf 86' lang='lat' dir='ltr'>cup.</span> <span class='ocrx_word' id='word_1_40' title='bbox 446 2043 569 2104; x_wconf 82' lang='lat' dir='ltr'>XXXVI</span> <span class='ocrx_word' id='word_1_41' title='bbox 583 2049 611 2104; x_wconf 91' lang='lat' dir='ltr'>et</span> <span class='ocrx_word' id='word_1_42' title='bbox 627 2063 703 2121; x_wconf 64' lang='lat' dir='ltr'>seq„</span> <span class='ocrx_word' id='word_1_43' title='bbox 725 2044 773 2103; x_wconf 91' lang='lat' dir='ltr'>ubi</span> <span class='ocrx_word' id='word_1_44' title='bbox 787 2050 879 2103; x_wconf 80' lang='lat' dir='ltr'>tomen</span> <span class='ocrx_word' id='word_1_45' title='bbox 894 2041 1039 2122; x_wconf 68' lang='lat' dir='ltr'>Aegyptus</span> <span class='ocrx_word' id='word_1_46' title='bbox 1060 2043 1135 2102; x_wconf 78' lang='lat' dir='ltr'>haud</span> <span class='ocrx_word' id='word_1_47' title='bbox 1155 2049 1398 2112; x_wconf 69' lang='lat' dir='ltr'>commemoratur,</span> <span class='ocrx_word' id='word_1_48' title='bbox 1469 2071 1470 2086; x_wconf 35' lang='grc' dir='ltr'><strong>κ</strong></span> 
     </span>
     <span class='ocr_line' id='line_1_10' title="bbox 252 2144 1399 2224; baseline -0.007 -14"><span class='ocrx_word' id='word_1_49' title='bbox 252 2149 304 2222; x_wconf 84' lang='lat' dir='ltr'>red</span> <span class='ocrx_word' id='word_1_50' title='bbox 321 2147 425 2207; x_wconf 83' lang='lat' dir='ltr'>iudeee</span> <span class='ocrx_word' id='word_1_51' title='bbox 444 2151 570 2220; x_wconf 83' lang='lat' dir='ltr'>tuntum,</span> <span class='ocrx_word' id='word_1_52' title='bbox 597 2165 669 2222; x_wconf 81' lang='lat' dir='ltr'>quoe</span> <span class='ocrx_word' id='word_1_53' title='bbox 686 2165 838 2224; x_wconf 83' lang='lat' dir='ltr'>ranequurn</span> <span class='ocrx_word' id='word_1_54' title='bbox 860 2147 998 2206; x_wconf 82' lang='lat' dir='ltr'>loduicum</span> <span class='ocrx_word' id='word_1_55' title='bbox 1019 2145 1160 2205; x_wconf 88' lang='lat' dir='ltr'>hominum</span> <span class='ocrx_word' id='word_1_56' title='bbox 1182 2147 1274 2222; x_wconf 79' lang='lat' dir='ltr'>mugio</span> <span class='ocrx_word' id='word_1_57' title='bbox 1295 2144 1399 2203; x_wconf 79' lang='lat' dir='ltr'>edver-</span> 
     </span>
     <span class='ocr_line' id='line_1_11' title="bbox 251 2245 1400 2330; baseline -0.007 -18"><span class='ocrx_word' id='word_1_58' title='bbox 251 2259 312 2312; x_wconf 84' lang='lat' dir='ltr'>tere</span> <span class='ocrx_word' id='word_1_59' title='bbox 324 2255 445 2330; x_wconf 78' lang='lat' dir='ltr'>poterut.</span> <span class='ocrx_word' id='word_1_60' title='bbox 486 2247 560 2308; x_wconf 88' lang='lat' dir='ltr'>Num</span> <span class='ocrx_word' id='word_1_61' title='bbox 575 2247 795 2322; x_wconf 82' lang='lat' dir='ltr'>Seneehmibus,</span> <span class='ocrx_word' id='word_1_62' title='bbox 816 2249 864 2326; x_wconf 88' lang='lat' dir='ltr'>qui</span> <span class='ocrx_word' id='word_1_63' title='bbox 879 2246 1040 2328; x_wconf 79' lang='lat' dir='ltr'>Aegyptum</span> <span class='ocrx_word' id='word_1_64' title='bbox 1059 2249 1171 2325; x_wconf 89' lang='lat' dir='ltr'>quidem</span> <span class='ocrx_word' id='word_1_65' title='bbox 1188 2248 1304 2327; x_wconf 80' lang='lat' dir='ltr'>petiisse</span> <span class='ocrx_word' id='word_1_66' title='bbox 1319 2245 1400 2304; x_wconf 83' lang='lat' dir='ltr'>ride-</span> 
     </span>
     <span class='ocr_line' id='line_1_12' title="bbox 251 2349 1398 2430; baseline -0.007 -16"><span class='ocrx_word' id='word_1_67' title='bbox 251 2359 309 2425; x_wconf 89' lang='lat' dir='ltr'>tur,</span> <span class='ocrx_word' id='word_1_68' title='bbox 329 2351 382 2411; x_wconf 81' lang='lat' dir='ltr'>hue</span> <span class='ocrx_word' id='word_1_69' title='bbox 399 2353 428 2408; x_wconf 92' lang='lat' dir='ltr'>in</span> <span class='ocrx_word' id='word_1_70' title='bbox 443 2349 617 2428; x_wconf 81' lang='lat' dir='ltr'>expeditione</span> <span class='ocrx_word' id='word_1_71' title='bbox 635 2369 669 2410; x_wconf 90' lang='lat' dir='ltr'>eo</span> <span class='ocrx_word' id='word_1_72' title='bbox 690 2352 779 2408; x_wconf 83' lang='lat' dir='ltr'>minus</span> <span class='ocrx_word' id='word_1_73' title='bbox 798 2352 952 2430; x_wconf 57' lang='lat' dir='ltr'>praeterire</span> <span class='ocrx_word' id='word_1_74' title='bbox 969 2353 1062 2429; x_wconf 90' lang='lat' dir='ltr'>potuit</span> <span class='ocrx_word' id='word_1_75' title='bbox 1080 2352 1230 2424; x_wconf 72' lang='lat' dir='ltr'>iudaeum,</span> <span class='ocrx_word' id='word_1_76' title='bbox 1251 2368 1309 2427; x_wconf 91' lang='lat' dir='ltr'>quo</span> <span class='ocrx_word' id='word_1_77' title='bbox 1329 2365 1398 2422; x_wconf 76' lang='lat' dir='ltr'>gre·</span> 
     </span>
     <span class='ocr_line' id='line_1_13' title="bbox 251 2450 1395 2533; baseline -0.003 -19"><span class='ocrx_word' id='word_1_78' title='bbox 251 2457 311 2514; x_wconf 82' lang='lat' dir='ltr'>vius</span> <span class='ocrx_word' id='word_1_79' title='bbox 336 2472 370 2513; x_wconf 84' lang='lat' dir='ltr'>eo</span> <span class='ocrx_word' id='word_1_80' title='bbox 393 2452 529 2513; x_wconf 76' lang='lat' dir='ltr'>difficilius</span> <span class='ocrx_word' id='word_1_81' title='bbox 551 2458 611 2512; x_wconf 82' lang='lat' dir='ltr'>eret</span> <span class='ocrx_word' id='word_1_82' title='bbox 635 2451 794 2532; x_wconf 79' lang='lat' dir='ltr'>Aegyptum</span> <span class='ocrx_word' id='word_1_83' title='bbox 819 2453 950 2533; x_wconf 84' lang='lat' dir='ltr'>petenti,</span> <span class='ocrx_word' id='word_1_84' title='bbox 985 2452 1124 2512; x_wconf 77' lang='lat' dir='ltr'>iudaicam</span> <span class='ocrx_word' id='word_1_85' title='bbox 1145 2460 1249 2513; x_wconf 85' lang='lat' dir='ltr'>terrum</span> <span class='ocrx_word' id='word_1_86' title='bbox 1271 2450 1395 2526; x_wconf 73' lang='lat' dir='ltr'>Assyriis</span> 
     </span>
     <span class='ocr_line' id='line_1_14' title="bbox 252 2553 1394 2634; baseline -0.004 -18"><span class='ocrx_word' id='word_1_87' title='bbox 252 2559 389 2617; x_wconf 79' lang='lat' dir='ltr'>insensum</span> <span class='ocrx_word' id='word_1_88' title='bbox 406 2555 561 2634; x_wconf 84' lang='lat' dir='ltr'>relinquere</span> <span class='ocrx_word' id='word_1_89' title='bbox 585 2555 660 2616; x_wconf 87' lang='lat' dir='ltr'>hund</span> <span class='ocrx_word' id='word_1_90' title='bbox 679 2557 820 2616; x_wconf 85' lang='lat' dir='ltr'>domitum.</span> <span class='ocrx_word' id='word_1_91' title='bbox 855 2556 914 2616; x_wconf 87' lang='lat' dir='ltr'>Sed</span> <span class='ocrx_word' id='word_1_92' title='bbox 934 2553 1110 2630; x_wconf 86' lang='lat' dir='ltr'>Herodotus,</span> <span class='ocrx_word' id='word_1_93' title='bbox 1132 2557 1181 2633; x_wconf 92' lang='lat' dir='ltr'>qui</span> <span class='ocrx_word' id='word_1_94' title='bbox 1200 2557 1238 2614; x_wconf 86' lang='lat' dir='ltr'>ed</span> <span class='ocrx_word' id='word_1_95' title='bbox 1258 2573 1394 2614; x_wconf 79' lang='lat' dir='ltr'>summum</span> 
     </span>
     <span class='ocr_line' id='line_1_15' title="bbox 252 2656 1385 2737; baseline -0.005 -19"><span class='ocrx_word' id='word_1_96' title='bbox 252 2659 328 2735; x_wconf 83' lang='lat' dir='ltr'>regis</span> <span class='ocrx_word' id='word_1_97' title='bbox 344 2657 548 2737; x_wconf 80' lang='lat' dir='ltr'>expeditionem</span> <span class='ocrx_word' id='word_1_98' title='bbox 568 2659 689 2737; x_wconf 81' lang='lat' dir='ltr'>respexit</span> <span class='ocrx_word' id='word_1_99' title='bbox 712 2660 843 2736; x_wconf 75' lang='lat' dir='ltr'>solosque</span> <span class='ocrx_word' id='word_1_100' title='bbox 866 2656 1021 2736; x_wconf 79' lang='lat' dir='ltr'>Aegyptios</span> <span class='ocrx_word' id='word_1_101' title='bbox 1038 2659 1196 2718; x_wconf 77' lang='lat' dir='ltr'>secerdotes</span> <span class='ocrx_word' id='word_1_102' title='bbox 1215 2661 1252 2719; x_wconf 90' lang='lat' dir='ltr'>de</span> <span class='ocrx_word' id='word_1_103' title='bbox 1265 2677 1297 2717; x_wconf 81' lang='lat' dir='ltr'>ee</span> <span class='ocrx_word' id='word_1_104' title='bbox 1314 2657 1385 2714; x_wconf 79' lang='lat' dir='ltr'>refe·</span> 
     </span>
    </p>

    <p class='ocr_par' dir='ltr' id='par_1_6' title="bbox 148 2757 1468 4467">
     <span class='ocr_line' id='line_1_16' title="bbox 148 2757 1388 2836; baseline -0.006 -13"><span class='ocrx_word' id='word_1_105' title='bbox 148 2831 151 2836; x_wconf 45' lang='lat'><em>,</em></span> <span class='ocrx_word' id='word_1_106' title='bbox 253 2767 348 2822; x_wconf 84' lang='lat' dir='ltr'>rentes</span> <span class='ocrx_word' id='word_1_107' title='bbox 373 2759 482 2832; x_wconf 78' lang='lat' dir='ltr'>audiit,</span> <span class='ocrx_word' id='word_1_108' title='bbox 518 2760 555 2817; x_wconf 92' lang='lat' dir='ltr'>de</span> <span class='ocrx_word' id='word_1_109' title='bbox 577 2759 680 2818; x_wconf 84' lang='lat' dir='ltr'>iudoee</span> <span class='ocrx_word' id='word_1_110' title='bbox 703 2765 795 2832; x_wconf 80' lang='lat' dir='ltr'>tecet,</span> <span class='ocrx_word' id='word_1_111' title='bbox 830 2758 907 2817; x_wconf 80' lang='lat' dir='ltr'>cuiue</span> <span class='ocrx_word' id='word_1_112' title='bbox 934 2767 1023 2820; x_wconf 83' lang='lat' dir='ltr'>terroe</span> <span class='ocrx_word' id='word_1_113' title='bbox 1041 2759 1204 2818; x_wconf 80' lang='lat' dir='ltr'>oomrrtiore</span> <span class='ocrx_word' id='word_1_114' title='bbox 1225 2757 1388 2833; x_wconf 76' lang='lat' dir='ltr'>cognitione</span> 
     </span>
     <span class='ocr_line' id='line_1_17' title="bbox 252 2857 1391 2922; baseline -0.004 -2"><span class='ocrx_word' id='word_1_115' title='bbox 252 2863 363 2920; x_wconf 89' lang='lat' dir='ltr'>omnino</span> <span class='ocrx_word' id='word_1_116' title='bbox 388 2859 537 2917; x_wconf 81' lang='lat' dir='ltr'>destitutus</span> <span class='ocrx_word' id='word_1_117' title='bbox 563 2857 648 2919; x_wconf 78' lang='lat' dir='ltr'>fuisse</span> <span class='ocrx_word' id='word_1_118' title='bbox 672 2860 789 2918; x_wconf 85' lang='lat' dir='ltr'>videtur.</span> <span class='ocrx_word' id='word_1_119' title='bbox 837 2857 911 2918; x_wconf 86' lang='lat' dir='ltr'>Illud</span> <span class='ocrx_word' id='word_1_120' title='bbox 939 2868 1027 2922; x_wconf 83' lang='lat' dir='ltr'>eutem</span> <span class='ocrx_word' id='word_1_121' title='bbox 1051 2860 1160 2920; x_wconf 86' lang='lat' dir='ltr'>minime</span> <span class='ocrx_word' id='word_1_122' title='bbox 1185 2859 1316 2918; x_wconf 80' lang='lat' dir='ltr'>dubium:</span> <span class='ocrx_word' id='word_1_123' title='bbox 1350 2857 1391 2916; x_wconf 86' lang='lat' dir='ltr'>de</span> 
     </span>
     <span class='ocr_line' id='line_1_18' title="bbox 253 2961 1395 3042; baseline -0.003 -19"><span class='ocrx_word' id='word_1_124' title='bbox 253 2981 308 3023; x_wconf 79' lang='lat' dir='ltr'>uua</span> <span class='ocrx_word' id='word_1_125' title='bbox 328 2961 483 3038; x_wconf 81' lang='lat' dir='ltr'>eedernque</span> <span class='ocrx_word' id='word_1_126' title='bbox 508 2961 685 3039; x_wconf 85' lang='lat' dir='ltr'>expeditione</span> <span class='ocrx_word' id='word_1_127' title='bbox 710 2969 740 3023; x_wconf 90' lang='lat' dir='ltr'>et</span> <span class='ocrx_word' id='word_1_128' title='bbox 762 2963 939 3023; x_wconf 85' lang='lat' dir='ltr'>Herodotum</span> <span class='ocrx_word' id='word_1_129' title='bbox 959 2969 989 3024; x_wconf 86' lang='lat' dir='ltr'>et</span> <span class='ocrx_word' id='word_1_130' title='bbox 1009 2963 1149 3024; x_wconf 78' lang='lat' dir='ltr'>ludoicum</span> <span class='ocrx_word' id='word_1_131' title='bbox 1168 2963 1330 3042; x_wconf 72' lang='lat' dir='ltr'>scriptorem</span> <span class='ocrx_word' id='word_1_132' title='bbox 1349 2980 1395 3020; x_wconf 84' lang='lat' dir='ltr'>re-</span> 
     </span>
     <span class='ocr_line' id='line_1_19' title="bbox 253 3065 1396 3143; baseline -0.002 -20"><span class='ocrx_word' id='word_1_133' title='bbox 253 3069 343 3139; x_wconf 66' lang='lat' dir='ltr'>terre,</span> <span class='ocrx_word' id='word_1_134' title='bbox 375 3065 424 3142; x_wconf 86' lang='lat' dir='ltr'>qui</span> <span class='ocrx_word' id='word_1_135' title='bbox 441 3081 608 3141; x_wconf 83' lang='lat' dir='ltr'>quemquem</span> <span class='ocrx_word' id='word_1_136' title='bbox 632 3065 662 3124; x_wconf 90' lang='lat' dir='ltr'>iu</span> <span class='ocrx_word' id='word_1_137' title='bbox 686 3065 798 3143; x_wconf 78' lang='lat' dir='ltr'>singuiis</span> <span class='ocrx_word' id='word_1_138' title='bbox 826 3065 992 3142; x_wconf 77' lang='lat' dir='ltr'>quibusdem</span> <span class='ocrx_word' id='word_1_139' title='bbox 1019 3067 1204 3141; x_wconf 71' lang='lat' dir='ltr'>dissentiunt,</span> <span class='ocrx_word' id='word_1_140' title='bbox 1238 3065 1268 3122; x_wconf 91' lang='lat' dir='ltr'>in</span> <span class='ocrx_word' id='word_1_141' title='bbox 1290 3081 1396 3121; x_wconf 81' lang='lat' dir='ltr'>rumme</span> 
     </span>
     <span class='ocr_line' id='line_1_20' title="bbox 255 3163 1396 3253; baseline -0.006 -20"><span class='ocrx_word' id='word_1_142' title='bbox 255 3173 314 3232; x_wconf 80' lang='lat' dir='ltr'>sere</span> <span class='ocrx_word' id='word_1_143' title='bbox 324 3167 505 3241; x_wconf 85' lang='lat' dir='ltr'>conveniunt,</span> <span class='ocrx_word' id='word_1_144' title='bbox 524 3185 585 3226; x_wconf 87' lang='lat' dir='ltr'>eum</span> <span class='ocrx_word' id='word_1_145' title='bbox 601 3163 779 3253; x_wconf 71' lang='lat' dir='ltr'>eiseyriorum</span> <span class='ocrx_word' id='word_1_146' title='bbox 796 3186 892 3244; x_wconf 82' lang='lat' dir='ltr'>regern</span> <span class='ocrx_word' id='word_1_147' title='bbox 912 3167 1027 3226; x_wconf 85' lang='lat' dir='ltr'>trudent</span> <span class='ocrx_word' id='word_1_148' title='bbox 1047 3170 1087 3228; x_wconf 84' lang='lat' dir='ltr'>ud</span> <span class='ocrx_word' id='word_1_149' title='bbox 1105 3167 1228 3247; x_wconf 78' lang='lat' dir='ltr'>Aegypti</span> <span class='ocrx_word' id='word_1_150' title='bbox 1245 3166 1315 3227; x_wconf 82' lang='lat' dir='ltr'>finer</span> <span class='ocrx_word' id='word_1_151' title='bbox 1330 3183 1396 3244; x_wconf 91' lang='lat' dir='ltr'>per-</span> 
     </span>
     <span class='ocr_line' id='line_1_21' title="bbox 254 3268 1397 3346; baseline -0.003 -16"><span class='ocrx_word' id='word_1_152' title='bbox 254 3271 381 3341; x_wconf 77' lang='lat' dir='ltr'>venisee3</span> <span class='ocrx_word' id='word_1_153' title='bbox 409 3287 480 3344; x_wconf 84' lang='lat' dir='ltr'>quor</span> <span class='ocrx_word' id='word_1_154' title='bbox 504 3287 565 3327; x_wconf 86' lang='lat' dir='ltr'>eum</span> <span class='ocrx_word' id='word_1_155' title='bbox 584 3268 686 3328; x_wconf 80' lang='lat' dir='ltr'>intrare</span> <span class='ocrx_word' id='word_1_156' title='bbox 701 3269 800 3343; x_wconf 83' lang='lat' dir='ltr'>ueilet,</span> <span class='ocrx_word' id='word_1_157' title='bbox 834 3269 956 3346; x_wconf 80' lang='lat' dir='ltr'>pernicie</span> <span class='ocrx_word' id='word_1_158' title='bbox 979 3271 1071 3330; x_wconf 83' lang='lat' dir='ltr'>subito</span> <span class='ocrx_word' id='word_1_159' title='bbox 1098 3271 1241 3330; x_wconf 86' lang='lat' dir='ltr'>incidente</span> <span class='ocrx_word' id='word_1_160' title='bbox 1267 3269 1397 3345; x_wconf 84' lang='lat' dir='ltr'>udeoque</span> 
     </span>
     <span class='ocr_line' id='line_1_22' title="bbox 256 3370 1396 3450; baseline -0.003 -16"><span class='ocrx_word' id='word_1_161' title='bbox 256 3374 384 3434; x_wconf 76' lang='lat' dir='ltr'>divinitus</span> <span class='ocrx_word' id='word_1_162' title='bbox 398 3370 519 3430; x_wconf 72' lang='lat' dir='ltr'>immissu</span> <span class='ocrx_word' id='word_1_163' title='bbox 531 3389 626 3445; x_wconf 83' lang='lat' dir='ltr'>regem</span> <span class='ocrx_word' id='word_1_164' title='bbox 644 3370 728 3429; x_wconf 79' lang='lat' dir='ltr'>ictum</span> <span class='ocrx_word' id='word_1_165' title='bbox 745 3371 875 3430; x_wconf 87' lang='lat' dir='ltr'>continuo</span> <span class='ocrx_word' id='word_1_166' title='bbox 896 3371 1047 3448; x_wconf 72' lang='lat' dir='ltr'>redigisse,</span> <span class='ocrx_word' id='word_1_167' title='bbox 1076 3391 1182 3450; x_wconf 80' lang='lat' dir='ltr'>magur</span> <span class='ocrx_word' id='word_1_168' title='bbox 1203 3377 1299 3449; x_wconf 71' lang='lat' dir='ltr'>strage</span> <span class='ocrx_word' id='word_1_169' title='bbox 1317 3389 1396 3430; x_wconf 68' lang='grc' dir='ltr'>αωο-</span> 
     </span>
     <span class='ocr_line' id='line_1_23' title="bbox 254 3471 1468 3555; baseline -0.005 -21"><span class='ocrx_word' id='word_1_170' title='bbox 254 3482 314 3555; x_wconf 85' lang='lat' dir='ltr'>pto.</span> <span class='ocrx_word' id='word_1_171' title='bbox 358 3473 444 3543; x_wconf 86' lang='lat' dir='ltr'>Quod</span> <span class='ocrx_word' id='word_1_172' title='bbox 466 3473 622 3532; x_wconf 77' lang='lat' dir='ltr'>secerdotes</span> <span class='ocrx_word' id='word_1_173' title='bbox 645 3479 674 3532; x_wconf 92' lang='lat' dir='ltr'>et</span> <span class='ocrx_word' id='word_1_174' title='bbox 697 3473 816 3532; x_wconf 79' lang='lat' dir='ltr'>Iudaeos</span> <span class='ocrx_word' id='word_1_175' title='bbox 835 3479 865 3533; x_wconf 87' lang='lat' dir='ltr'>et</span> <span class='ocrx_word' id='word_1_176' title='bbox 881 3471 1035 3552; x_wconf 78' lang='lat' dir='ltr'>Aegyptios</span> <span class='ocrx_word' id='word_1_177' title='bbox 1056 3475 1158 3553; x_wconf 80' lang='lat' dir='ltr'>cupide</span> <span class='ocrx_word' id='word_1_178' title='bbox 1180 3474 1325 3552; x_wconf 78' lang='lat' dir='ltr'>arripuisse</span> <span class='ocrx_word' id='word_1_179' title='bbox 1342 3487 1389 3528; x_wconf 83' lang='lat' dir='ltr'>ur·</span> <span class='ocrx_word' id='word_1_180' title='bbox 1467 3479 1468 3484; x_wconf 77' lang='grc'>’</span> 
     </span>
     <span class='ocr_line' id='line_1_24' title="bbox 255 3571 1393 3655; baseline -0.003 -20"><span class='ocrx_word' id='word_1_181' title='bbox 255 3576 371 3635; x_wconf 84' lang='lat' dir='ltr'>bitrutur</span> <span class='ocrx_word' id='word_1_182' title='bbox 392 3571 529 3632; x_wconf 86' lang='lat' dir='ltr'>Gesenius</span> <span class='ocrx_word' id='word_1_183' title='bbox 549 3574 587 3632; x_wconf 85' lang='lat' dir='ltr'>ed</span> <span class='ocrx_word' id='word_1_184' title='bbox 606 3573 711 3633; x_wconf 76' lang='lat' dir='ltr'>leonine</span> <span class='ocrx_word' id='word_1_185' title='bbox 729 3573 818 3633; x_wconf 86' lang='lat' dir='ltr'>locum</span> <span class='ocrx_word' id='word_1_186' title='bbox 839 3574 926 3655; x_wconf 79' lang='lat' dir='ltr'>(pag.</span> <span class='ocrx_word' id='word_1_187' title='bbox 936 3577 1008 3640; x_wconf 84' lang='lat'>937.</span> <span class='ocrx_word' id='word_1_188' title='bbox 1023 3577 1086 3640; x_wconf 83' lang='lat'>978</span> <span class='ocrx_word' id='word_1_189' title='bbox 1104 3575 1198 3651; x_wconf 82' lang='lat' dir='ltr'>reqq.)</span> <span class='ocrx_word' id='word_1_190' title='bbox 1218 3573 1393 3650; x_wconf 80' lang='lat' dir='ltr'>ueteremque</span> 
     </span>
     <span class='ocr_line' id='line_1_25' title="bbox 254 3673 1395 3756; baseline 0.001 -21"><span class='ocrx_word' id='word_1_191' title='bbox 254 3675 361 3753; x_wconf 70' lang='lat' dir='ltr'>Assyrii</span> <span class='ocrx_word' id='word_1_192' title='bbox 377 3674 452 3748; x_wconf 78' lang='lat' dir='ltr'>regie</span> <span class='ocrx_word' id='word_1_193' title='bbox 469 3675 565 3750; x_wconf 84' lang='lat' dir='ltr'>iugem</span> <span class='ocrx_word' id='word_1_194' title='bbox 584 3673 637 3732; x_wconf 81' lang='lat' dir='ltr'>diis</span> <span class='ocrx_word' id='word_1_195' title='bbox 657 3675 837 3755; x_wconf 68' lang='lat' dir='ltr'>adscripsisse</span> <span class='ocrx_word' id='word_1_196' title='bbox 850 3682 1066 3756; x_wconf 88' lang='lat' dir='ltr'>portentumque</span> <span class='ocrx_word' id='word_1_197' title='bbox 1082 3677 1263 3756; x_wconf 71' lang='lat' dir='ltr'>praedicasse.</span> <span class='ocrx_word' id='word_1_198' title='bbox 1291 3673 1395 3751; x_wconf 76' lang='lat' dir='ltr'>ltaque</span> 
     </span>
     <span class='ocr_line' id='line_1_26' title="bbox 255 3775 1395 3856; baseline 0.002 -20"><span class='ocrx_word' id='word_1_199' title='bbox 255 3795 353 3837; x_wconf 82' lang='lat' dir='ltr'>erere</span> <span class='ocrx_word' id='word_1_200' title='bbox 374 3775 491 3834; x_wconf 80' lang='lat' dir='ltr'>maxime</span> <span class='ocrx_word' id='word_1_201' title='bbox 509 3777 659 3836; x_wconf 79' lang='lat' dir='ltr'>abhorrere</span> <span class='ocrx_word' id='word_1_202' title='bbox 675 3777 816 3852; x_wconf 84' lang='lat' dir='ltr'>ridentur,</span> <span class='ocrx_word' id='word_1_203' title='bbox 839 3779 887 3856; x_wconf 90' lang='lat' dir='ltr'>qui</span> <span class='ocrx_word' id='word_1_204' title='bbox 901 3779 1052 3840; x_wconf 83' lang='lat' dir='ltr'>Sethonem</span> <span class='ocrx_word' id='word_1_205' title='bbox 1071 3778 1205 3839; x_wconf 84' lang='lat' dir='ltr'>Herodoti</span> <span class='ocrx_word' id='word_1_206' title='bbox 1223 3797 1276 3856; x_wconf 94' lang='lat' dir='ltr'>pro</span> <span class='ocrx_word' id='word_1_207' title='bbox 1289 3777 1395 3838; x_wconf 77' lang='lat' dir='ltr'>Hirkiu</span> 
     </span>
     <span class='ocr_line' id='line_1_27' title="bbox 255 3873 1393 3958; baseline 0.002 -19"><span class='ocrx_word' id='word_1_208' title='bbox 255 3887 285 3939; x_wconf 91' lang='lat' dir='ltr'>et</span> <span class='ocrx_word' id='word_1_209' title='bbox 298 3877 450 3937; x_wconf 79' lang='lat' dir='ltr'>Vulcanum</span> <span class='ocrx_word' id='word_1_210' title='bbox 465 3873 650 3955; x_wconf 78' lang='lat' dir='ltr'>Aegyptium,</span> <span class='ocrx_word' id='word_1_211' title='bbox 679 3877 755 3936; x_wconf 79' lang='lat' dir='ltr'>cuius</span> <span class='ocrx_word' id='word_1_212' title='bbox 782 3880 911 3940; x_wconf 77' lang='lat' dir='ltr'>sacerdos</span> <span class='ocrx_word' id='word_1_213' title='bbox 930 3883 983 3940; x_wconf 89' lang='lat' dir='ltr'>suit</span> <span class='ocrx_word' id='word_1_214' title='bbox 1002 3881 1106 3954; x_wconf 77' lang='lat' dir='ltr'>Seno,</span> <span class='ocrx_word' id='word_1_215' title='bbox 1131 3898 1182 3958; x_wconf 89' lang='lat' dir='ltr'>pro</span> <span class='ocrx_word' id='word_1_216' title='bbox 1197 3877 1305 3939; x_wconf 79' lang='lat' dir='ltr'>lehove</span> <span class='ocrx_word' id='word_1_217' title='bbox 1323 3882 1393 3940; x_wconf 80' lang='lat' dir='ltr'>rori-</span> 
     </span>
     <span class='ocr_line' id='line_1_28' title="bbox 256 3977 1391 4063; baseline 0.003 -24"><span class='ocrx_word' id='word_1_218' title='bbox 256 3981 343 4063; x_wconf 87' lang='lat' dir='ltr'>pient.</span> <span class='ocrx_word' id='word_1_219' title='bbox 386 3979 449 4038; x_wconf 76' lang='lat' dir='ltr'>vie</span> <span class='ocrx_word' id='word_1_220' title='bbox 472 3979 622 4038; x_wconf 83' lang='lat' dir='ltr'>Gerenium</span> <span class='ocrx_word' id='word_1_221' title='bbox 640 3977 659 4037; x_wconf 89' lang='lat' dir='ltr'>l.</span> <span class='ocrx_word' id='word_1_222' title='bbox 679 3977 714 4053; x_wconf 92' lang='lat' dir='ltr'>l.,</span> <span class='ocrx_word' id='word_1_223' title='bbox 742 3980 791 4058; x_wconf 88' lang='lat' dir='ltr'>qui</span> <span class='ocrx_word' id='word_1_224' title='bbox 811 3983 871 4061; x_wconf 81' lang='lat' dir='ltr'>ipse</span> <span class='ocrx_word' id='word_1_225' title='bbox 891 3982 959 4044; x_wconf 78' lang='lat' dir='ltr'>huet</span> <span class='ocrx_word' id='word_1_226' title='bbox 980 3984 1088 4042; x_wconf 75' lang='lat' dir='ltr'>statuit:</span> <span class='ocrx_word' id='word_1_227' title='bbox 1122 3978 1208 4056; x_wconf 75' lang='lat' dir='ltr'>„Aur</span> <span class='ocrx_word' id='word_1_228' title='bbox 1222 3982 1312 4058; x_wconf 81' lang='lat' dir='ltr'>jeden</span> <span class='ocrx_word' id='word_1_229' title='bbox 1331 3982 1391 4042; x_wconf 68' lang='lat' dir='ltr'>ran</span> 
     </span>
     <span class='ocr_line' id='line_1_29' title="bbox 256 4080 1389 4162; baseline 0 -19"><span class='ocrx_word' id='word_1_230' title='bbox 256 4083 346 4143; x_wconf 84' lang='lat' dir='ltr'>huben</span> <span class='ocrx_word' id='word_1_231' title='bbox 372 4082 421 4140; x_wconf 82' lang='lat' dir='ltr'>wir</span> <span class='ocrx_word' id='word_1_232' title='bbox 445 4080 503 4143; x_wconf 87' lang='lat' dir='ltr'>hier</span> <span class='ocrx_word' id='word_1_233' title='bbox 527 4081 594 4142; x_wconf 79' lang='lat' dir='ltr'>zuei</span> <span class='ocrx_word' id='word_1_234' title='bbox 615 4081 794 4142; x_wconf 75' lang='lat' dir='ltr'>verschieden</span> <span class='ocrx_word' id='word_1_235' title='bbox 816 4085 1007 4162; x_wconf 79' lang='lat' dir='ltr'>emgebildete</span> <span class='ocrx_word' id='word_1_236' title='bbox 1034 4082 1389 4162; x_wconf 52' lang='lat' dir='ltr'>imminet-tradition&amp;</span> 
     </span>
     <span class='ocr_line' id='line_1_30' title="bbox 256 4183 1389 4264; baseline -0.002 -18"><span class='ocrx_word' id='word_1_237' title='bbox 256 4183 457 4258; x_wconf 74' lang='lat' dir='ltr'>Nechrirhteu,</span> <span class='ocrx_word' id='word_1_238' title='bbox 478 4185 524 4245; x_wconf 87' lang='lat' dir='ltr'>die</span> <span class='ocrx_word' id='word_1_239' title='bbox 542 4203 596 4244; x_wconf 81' lang='lat' dir='ltr'>rou</span> <span class='ocrx_word' id='word_1_240' title='bbox 614 4183 704 4246; x_wconf 90' lang='lat' dir='ltr'>eiuem</span> <span class='ocrx_word' id='word_1_241' title='bbox 721 4183 948 4260; x_wconf 81' lang='lat' dir='ltr'>gerehiehdicheu</span> <span class='ocrx_word' id='word_1_242' title='bbox 960 4185 1073 4247; x_wconf 72' lang='lat' dir='ltr'>Punite</span> <span class='ocrx_word' id='word_1_243' title='bbox 1086 4183 1244 4264; x_wconf 82' lang='lat' dir='ltr'>umgeiren,</span> <span class='ocrx_word' id='word_1_244' title='bbox 1264 4186 1316 4245; x_wconf 79' lang='lat' dir='ltr'>wie</span> <span class='ocrx_word' id='word_1_245' title='bbox 1334 4183 1389 4244; x_wconf 80' lang='lat' dir='ltr'>rieir</span> 
     </span>
     <span class='ocr_line' id='line_1_31' title="bbox 257 4285 1389 4364; baseline 0 -18"><span class='ocrx_word' id='word_1_246' title='bbox 257 4286 327 4346; x_wconf 82' lang='lat' dir='ltr'>noch</span> <span class='ocrx_word' id='word_1_247' title='bbox 346 4286 462 4347; x_wconf 76' lang='lat' dir='ltr'>menthe</span> <span class='ocrx_word' id='word_1_248' title='bbox 485 4287 589 4348; x_wconf 71' lang='lat' dir='ltr'>andem</span> <span class='ocrx_word' id='word_1_249' title='bbox 609 4285 810 4362; x_wconf 79' lang='lat' dir='ltr'>Bonrihuugen</span> <span class='ocrx_word' id='word_1_250' title='bbox 833 4285 925 4346; x_wconf 83' lang='lat' dir='ltr'>dieser</span> <span class='ocrx_word' id='word_1_251' title='bbox 942 4285 995 4347; x_wconf 80' lang='lat' dir='ltr'>Art</span> <span class='ocrx_word' id='word_1_252' title='bbox 1015 4289 1044 4346; x_wconf 92' lang='lat' dir='ltr'>iu</span> <span class='ocrx_word' id='word_1_253' title='bbox 1071 4288 1123 4347; x_wconf 93' lang='lat' dir='ltr'>der</span> <span class='ocrx_word' id='word_1_254' title='bbox 1140 4285 1389 4364; x_wconf 72' lang='lat' dir='ltr'>Segengesehieito</span> 
     </span>
     <span class='ocr_line' id='line_1_32' title="bbox 256 4385 1386 4467; baseline 0.002 -21"><span class='ocrx_word' id='word_1_255' title='bbox 256 4389 308 4448; x_wconf 87' lang='lat' dir='ltr'>der</span> <span class='ocrx_word' id='word_1_256' title='bbox 320 4387 400 4448; x_wconf 78' lang='lat' dir='ltr'>Bibe!</span> <span class='ocrx_word' id='word_1_257' title='bbox 411 4389 468 4448; x_wconf 90' lang='lat' dir='ltr'>und</span> <span class='ocrx_word' id='word_1_258' title='bbox 485 4387 535 4448; x_wconf 90' lang='lat' dir='ltr'>der</span> <span class='ocrx_word' id='word_1_259' title='bbox 548 4386 695 4450; x_wconf 74' lang='lat' dir='ltr'>Kmsiker</span> <span class='ocrx_word' id='word_1_260' title='bbox 709 4387 833 4449; x_wconf 76' lang='lat' dir='ltr'>finden-‘⁴</span> <span class='ocrx_word' id='word_1_261' title='bbox 874 4385 936 4450; x_wconf 85' lang='lat' dir='ltr'>Neo</span> <span class='ocrx_word' id='word_1_262' title='bbox 953 4389 1074 4450; x_wconf 81' lang='lat' dir='ltr'>oertiore</span> <span class='ocrx_word' id='word_1_263' title='bbox 1094 4389 1132 4449; x_wconf 90' lang='lat' dir='ltr'>de</span> <span class='ocrx_word' id='word_1_264' title='bbox 1151 4387 1194 4448; x_wconf 82' lang='lat' dir='ltr'>hir</span> <span class='ocrx_word' id='word_1_265' title='bbox 1212 4389 1386 4467; x_wconf 72' lang='lat' dir='ltr'>pronuntiare</span> 
     </span>
    </p>
   </div>
   <div class='ocr_carea' id='block_1_6' title="bbox 0 0 1500 5228">
    <p class='ocr_par' dir='ltr' id='par_1_7' title="bbox 0 0 1500 5228">
     <span class='ocr_line' id='line_1_33' title="bbox 0 0 1500 5228; baseline 0 1"><span class='ocrx_word' id='word_1_266' title='bbox 0 0 1500 5228; x_wconf 95' lang='lat' dir='ltr'> </span> 
     </span>
    </p>
   </div>
  </div>
 </body>
</html>
