2982 5170
392 405 457 500 aaa
692 393 1047 462 nnnouour

395 574 452 663 aa
469 521 617 658 menn
638 562 706 654 aa.
725 565 786 656 us
806 563 843 636 a
871 563 1070 652 nuspa,
1117 557 1201 630 aaa
1228 553 1338 646 squ

355 735 564 757 μ

355 831 527 897 seiberuduun
541 848 603 892 esse
620 833 715 890 oenset
726 821 844 891 Wesse·
893 825 931 885 de
942 823 1054 884 diffidit.
1065 822 1228 902 quibusdam
1236 816 1391 880 mue.

354 917 472 996 lingbui
487 936 605 995 quonum
617 915 727 975 minime
744 933 844 974 eonve-
893 911 984 970 rodot.
1008 929 1073 989 pag.
1095 911 1137 976 53
1153 939 1189 952 ..
1204 907 1272 982 55)
1304 905 1391 982 longa
1479 913 1480 928 .

356 1007 431 1078 nire,
463 1001 539 1080 quod
564 1001 645 1060 sedes
671 999 847 1076 Massageta-
895 996 1082 1073 disputatione
1095 995 1168 1054 idem
1187 993 1320 1053 evincere
1332 999 1392 1050 stu·
1479 1037 1480 1066 q

356 1109 417 1150 rom
451 1093 534 1164 atque
564 1086 728 1146 Issedonum
761 1084 846 1160 longe
896 1081 1016 1140 dentem.
1056 1079 1191 1138 Assensns
1211 1087 1256 1136 est
1279 1075 1320 1134 iiii
1337 1095 1392 1134 nu-

357 1180 436 1236 estra
461 1170 573 1230 Mediae
597 1170 667 1230 fines
695 1170 765 1242 sint,
792 1184 847 1224 ruso
894 1165 1012 1246 perrime
1026 1165 1121 1242 Heyse
1138 1165 1167 1222 in
1187 1163 1318 1232 Quaestt.
1330 1161 1392 1221 He-

358 1255 561 1320 omninouilum
578 1255 608 1314 in
623 1253 718 1314 Media
734 1255 847 1324 flumen,
894 1250 1024 1308 reduit!
1042 1269 1108 1330 pag.
1123 1253 1193 1316 102.
1234 1245 1392 1307 Renndius

359 1343 434 1424 quod
447 1345 491 1400 tot
502 1339 579 1398 ostiis
592 1341 660 1399 mari
669 1339 771 1417 Cuspio
783 1337 845 1394 iun·
894 1334 1071 1413 (Geograph.
1088 1334 1224 1394 Herodot
1242 1351 1310 1412 pag.
1324 1329 1391 1397 467

359 1433 450 1506 gutur.
492 1425 610 1502 Reliqua
626 1441 779 1500 oougruere
790 1419 847 1480 vult
894 1437 975 1496 seqq.
1000 1420 1044 1480 ed
1063 1418 1222 1494 immod)
1246 1417 1392 1476 Herodoti

358 1513 442 1574 fluvio
463 1509 579 1588 Vulgus,
598 1507 646 1586 qui
665 1507 757 1568 multis
769 1506 847 1564 ostiis
895 1505 1080 1565 narrationem
1093 1505 1130 1564 de
1141 1503 1388 1564 Araxenont'usam

359 1599 390 1657 in
404 1595 537 1675 Caspium
549 1613 698 1654 maresese
712 1591 847 1665 infundat,
895 1589 976 1661 dicit,
1008 1590 1089 1647 utin
1117 1607 1175 1666 qua
1190 1590 1253 1648 bina
1270 1585 1389 1646 flumina

359 1679 568 1758 insulasquehie
579 1679 712 1757 praebeat
721 1694 846 1753 magnas.
897 1674 1015 1748 disemo,
1025 1673 1162 1734 Iuartem
1173 1675 1306 1746 storum,
1315 1690 1389 1730 oon-

361 1765 408 1828 De
421 1783 477 1842 quo
489 1765 586 1824 eodern
599 1763 682 1822 fluvio
694 1781 848 1822 sernuonem
896 1761 959 1818 susa
973 1766 1001 1819 et
1016 1759 1150 1840 permixta
1169 1779 1232 1820 esse
1244 1760 1387 1838 appareat.

362 1870 426 1914 esse
438 1848 486 1923 Ν,
499 1851 553 1923 11,
565 1848 613 1907 ubi
625 1847 744 1926 Scythae
756 1845 848 1905 Asiam
898 1845 979 1914 Quae
997 1845 1067 1904 euim
1087 1844 1194 1920 siugada
1210 1845 1252 1905 'de
1271 1850 1389 1920 utroque

363 1936 428 1996 olim
451 1933 615 2006 incolentes,
643 1931 848 2008 abtassugetis
896 1930 1046 2010 accepisset
1078 1929 1257 2004 Herodotus,
1294 1947 1330 1988 ea
1360 1925 1388 1986 in

362 2019 449 2104 puisi,
469 2019 582 2078 traiecto
595 2017 687 2077 Arare
704 2017 798 2090 fluuio,
817 2016 848 2075 in
895 2035 981 2076 unum
1010 2034 1029 2073 a
1048 2015 1180 2094 scriptore
1205 2014 1344 2074 translata
1361 2017 1389 2072 et

363 2107 432 2166 fines
455 2102 664 2164 Cimmeriorum
687 2101 788 2161 abiisse
805 2101 849 2159 di·
897 2101 1010 2178 qnidem
1023 2100 1052 2158 in
1065 2100 1095 2158 id
1105 2103 1225 2174 flumen,
1247 2101 1330 2178 quod
1341 2117 1391 2157 no-

363 2192 475 2263 euntur,
503 2187 774 2264 Schweighaeuserua
789 2185 850 2244 alii·
897 2185 1032 2245 tissimum
1057 2192 1140 2262 atque
1173 2183 1391 2258 celeberrimum,

363 2293 421 2352 que
439 2272 584 2332 affirmant.
631 2271 733 2332 Veurm
751 2270 850 2332 iisdem
899 2271 967 2348 Cyri
999 2269 1142 2350 imperium
1170 2289 1189 2329 a
1218 2269 1390 2346 Massagetis

363 2357 429 2416 viris
453 2355 540 2418 doctis
560 2357 727 2429 aenatoribus,
755 2363 851 2416 nostro
898 2356 1066 2416 seinnrisset.
1120 2355 1206 2417 Unde
1234 2354 1391 2429 eondndit‚

363 2442 394 2503 in
412 2441 472 2502 loeo
504 2439 582 2500 aliter
605 2442 778 2500 statuendum
799 2445 852 2515 est,
900 2440 991 2502 Oxum
1004 2439 1116 2518 quidem
1135 2440 1315 2520 probabiliter
1330 2459 1390 2499 ma·

364 2545 426 2588 enm
443 2523 554 2586 minime
570 2524 713 2604 probabile
731 2527 783 2599 sit,
814 2523 852 2606 ad
900 2545 985 2604 gnum
1006 2545 1069 2586 esse
1095 2524 1168 2584 ithus
1189 2527 1320 2603 fluuium,
1340 2526 1389 2604 qni

364 2609 484 2688 Volgum
503 2627 592 2686 usqne
618 2616 779 2688 penetrasse
792 2608 852 2686 Cy·
900 2611 929 2670 in
947 2610 1080 2692 Caspium
1098 2630 1174 2672 mare
1195 2630 1227 2670 se
1245 2611 1389 2684 insonum

363 2715 433 2764 rum.
473 2691 585 2754 Laudat
603 2693 852 2772 Schweighaeuser.
900 2685 1198 2774 manus,pa1ud‘esac
1214 2703 1313 2772 stagna
1331 2698 1388 2754 for-

363 2778 446 2839 trium
469 2777 693 2838 Auademieomm
714 2777 854 2839 Parisien·
901 2780 971 2840 sitan
985 2780 1079 2841 reterri
1090 2779 1388 2858 posseadtaurmho-

365 2864 435 2926 sinm
447 2861 645 2943 disputationes
664 2863 715 2939 (in
726 2863 853 2924 Memoir.
901 2864 1010 2929 diesub
1028 2864 1138 2927 nomine
1156 2867 1227 2926 Arot
1247 2874 1343 2926 notum
1360 2871 1389 2925 et

365 2949 404 3010 de
420 2947 531 3008 l'Acad.
550 2949 578 3008 d.
600 2949 724 3029 imeript.
751 2954 773 3007 t.
785 2947 853 3008 xvl
901 2950 938 3010 ad
952 2950 1061 3010 tiuvirun
1080 2949 1187 3029 (quem
1205 2954 1322 3014 satiores
1341 2969 1391 3009 so-

364 3053 432 3116 peg·
454 3033 623 3108 69-85),
644 3052 760 3111 quonum
772 3053 853 3108 unus,
903 3037 988 3112 eant)
1006 3031 1162 3112 Iaxartem,
1190 3057 1306 3116 quoeum
1324 3035 1391 3095 olim

366 3116 566 3192 delaNauae,
585 3117 724 3178 Herodoti
737 3118 854 3178 ſtruma
903 3121 1017 3182 forsitan
1048 3120 1127 3180 Orus
1159 3123 1265 3182 iunctm
1295 3120 1391 3198 atiquo

366 3201 468 3266 nullum
493 3201 575 3262 alium
609 3222 672 3264 esse
694 3204 767 3280 vult,
800 3202 854 3263 nisi
903 3205 1087 3266 modotuerit
1107 3205 1290 3269 lneoantem
1305 3223 1391 3284 aper-

366 3285 513 3348 Armeniae
547 3287 621 3346 ilium
645 3289 770 3361 fluvium,
805 3288 855 3368 qni
904 3298 933 3352 te
948 3289 1041 3368 lapsus
1055 3289 1164 3356 Noster
1179 3291 1390 3367 (siitenndium

366 3372 449 3448 vudgo
473 3371 525 3430 suh
549 3371 651 3432 Arosis
681 3371 791 3432 nomine
819 3374 856 3434 sit
903 3375 983 3434 audis
998 3372 1016 3432 l.
1030 3373 1076 3451 1.),
1097 3379 1171 3454 quod
1182 3376 1282 3435 Araxis
1300 3377 1389 3435 touta

366 3461 465 3527 notos,
485 3454 586 3531 quique
607 3457 643 3516 ab
664 3455 805 3518 oraidente
825 3459 854 3518 iu
903 3458 1077 3520 inhiatienis
1089 3461 1248 3538 (quaeipsa
1263 3466 1388 3522 esttena

366 3537 499 3617 Caspium
515 3541 707 3599 mareinttuat
749 3539 856 3602 Contra
903 3543 1070 3621 Kurdirton,
1088 3547 1156 3604 intra
1169 3544 1296 3606 Mediam
1305 3551 1388 3621 atque

366 3639 449 3700 11111111
461 3620 535 3719 11111
542 3622 668 3700 61181111
677 3621 721 3702 (Ρ.
726 3627 768 3691 76
776 3626 854 3704 sqq.)
902 3630 1074 3707 dnneniam)
1087 3629 1220 3706 solinunt,
1236 3633 1315 3710 eique
1327 3648 1390 3688 eau-

367 3711 397 3767 et
413 3703 539 3768 Dansdle
556 3706 607 3783 (p.
621 3707 664 3771 79
675 3711 774 3788 seqq.)
795 3716 855 3770 tum
903 3733 964 3774 sum
976 3716 1069 3776 tribuit
1079 3715 1250 3778 orientalem.
1274 3716 1389 3776 Amen

365 3789 609 3888 fflfmonuemttis
627 3793 854 3856 tumihudetiam
903 3799 1388 3880 mentiumquexsrnsntspoe-

366 3879 520 3946 estoemnt,
540 3871 613 3933 hune
630 3873 768 3938 Herodoti
783 3877 854 3940 Ars-
903 3883 978 3944 venit
991 3905 1024 3945 ao
1034 3887 1071 3946 de
1092 3888 1271 3964 quoobseura
1282 3889 1388 3944 onum

365 3977 429 4022 xenr
447 3955 636 4020 adorientem
656 3961 751 4040 Caspii
771 3965 854 4025 maris
884 3984 887 3990 ·
903 3969 1030 4048 scriptori
1043 3977 1140 4031 nostro
1150 3971 1260 4043 notitia,
1281 3987 1388 4030 enmeo

366 4043 636 4120 esseqnaesendum.
659 4044 753 4114 Quare
764 4047 854 4110 om
902 4049 1003 4127 Araxi,
1032 4056 1080 4134 qui
1111 4057 1147 4117 ab
1176 4055 1282 4114 edente
1307 4055 1389 4114 maris

366 4147 431 4190 esse
447 4131 615 4202 statuerunt3
635 4129 665 4187 in
684 4149 739 4207 qno
760 4133 853 4212 plnres
904 4137 1000 4218 Caspii
1026 4141 1102 4217 duit,
1132 4139 1264 4200 oonffidit.
1312 4137 1391 4200 lines

366 4212 604 4274 sibiassentientes
616 4213 690 4272 nacti
704 4225 855 4294 sumt,quo-
888 4219 1067 4299 attenuatius,
1089 4225 1220 4287 adsersus
1236 4242 1322 4302 quem
1333 4224 1390 4286 Ee·

366 4315 426 4357 rum
457 4316 540 4358 smum
568 4303 673 4357 tanturn
701 4321 853 4374 memorare
900 4305 1001 4386 rodoto
1018 4312 1207 4386 patrocinatur
1225 4309 1389 4370 Bredorr.in

366 4383 454 4462 nvn,
489 4381 650 4462 Breigerum
674 4383 851 4461 (Commeat.
871 4423 876 4436 ·
900 4387 1055 4470 Uranotog·
1078 4395 1219 4460 Herodot.
1245 4395 1386 4476 Spssim'm
