3012 5182
428 451 491 513 662
723 445 1075 508 HERODOTl

216 631 218 636 ’
280 668 283 674 ,
406 613 556 700 blondum
577 608 612 678 dl
633 634 691 697 μιν
713 609 888 698 Αύμύιιοιοι
910 615 972 680 τοῦ
997 608 1133 694 πρώιον
1160 603 1368 695 βασιλεύων

429 757 485 811 τος
508 729 673 814 Αἰγύπτου
699 735 802 799 παῖδα
830 729 1030 818 μουνογενέα
1051 729 1223 817 γενέσθαι·
1247 723 1371 794 ἀποθο-

409 849 530 918 Ιιιύοιοι
558 847 592 918 δ’
622 849 726 920 odedu
754 848 902 936 ἄνωρον,
946 849 1102 935 θρήνοισι
1138 848 1289 916 τούτοισι
1314 841 1405 916 udan

431 971 621 1054 Αἰγυπτίων
641 977 836 1058 τιμηθῆναι·
871 971 926 1038 aral
948 965 1068 1056 dosdq'u
1086 992 1121 1036 rs
1141 967 1270 1056 ταύτην
1289 966 1372 1050 πού

337 1105 388 1174 80
429 1113 490 1175 την
512 1089 567 1156 καὶ
590 1087 720 1178 μούνην
749 1091 842 1190 aplos
874 1089 1038 1176 γενέσθαι.
1083 1087 1321 1175 Συμφὲοονιαι
1341 1087 1373 1154 di

183 1205 392 1350 p'lffisspffiffl
432 1211 488 1279 καὶ
507 1209 583 1279 τόδε
611 1207 695 1328 ἄλλο
719 1207 892 1295 Αἰγύπτιοι
913 1206 1076 1297 Ἑλλήνων
1095 1207 1256 1296 μούνοισι
1275 1213 1373 1276 Δοκε-

390 1557 468 1618 marii
485 1558 539 1617 loei
553 1563 617 1616 sunt
627 1554 746 1614 Pausan.
766 1553 823 1627 lx,
838 1558 879 1620 29
929 1555 1018 1633 ipsam
1030 1555 1106 1632 quasi
1115 1555 1273 1633 patientem
1287 1549 1403 1610 redolen-

390 1643 466 1718 (ooll.
487 1643 601 1702 Diodor.
622 1640 708 1699 Sieul.
733 1640 790 1714 lll,
809 1643 880 1715 66).
930 1646 1004 1713 tem,
1026 1660 1086 1699 cum
1106 1640 1235 1700 benefici
1254 1636 1315 1696 solis
1332 1635 1406 1692 virn-

392 1729 502 1794 Conon.
522 1733 635 1787 narrati.
654 1731 700 1790 19.
735 1725 825 1784 Sebol.
844 1725 882 1783 ad
931 1733 1009 1799 reat,
1031 1725 1113 1802 quale
1130 1730 1245 1802 tempus
1264 1721 1405 1798 lugubribus

393 1814 507 1872 Homer.
518 1813 548 1871 ll.
565 1807 600 1886 o',
616 1813 678 1875 5ῖο
690 1809 752 1884 (ubi
766 1809 789 1868 C
795 1830 817 1867 r.
832 1811 883 1868 ad-
931 1811 1010 1868 festis
1034 1831 1095 1868 oum
1124 1807 1287 1886 significarit
1305 1803 1406 1880 antiqni-

393 1895 882 1974 ditHeyu.observv.t.Vllp.550)·
931 1901 992 1967 tas,
1011 1894 1142 1954 hilaribus
1158 1893 1407 1954 consentaneumest

394 1983 469 2043 Nam
486 1981 538 2041 illis
556 1983 586 2040 in
606 1981 765 2057 regionibus
779 1979 884 2038 Adoni·
932 1980 1097 2040 celebratum
1107 1981 1197 2040 luisse
1204 1977 1278 2035 Solis
1291 1975 1406 2032 illamvin

394 2068 475 2140 dem,
496 2069 585 2145 quiet
604 2066 665 2144 ipse
680 2065 784 2124 iuvenis
799 2066 884 2124 inter·
931 2067 1083 2137 rictrieem,
1105 2067 1161 2142 qut
1179 2062 1325 2140 quotannis
1338 2059 1406 2138 perfi-

394 2155 481 2211 fectus
500 2153 654 2225 serebatur,
675 2150 845 2229 plangebant
856 2154 885 2207 et
933 2152 986 2209 ciat
999 2170 1105 2209 cursum
1121 2170 1202 2208 suurn
1216 2167 1249 2206 ae
1261 2165 1341 2205 semo
1351 2153 1406 2200 tenr-

393 2235 520 2314 lugnbria
535 2239 562 2294 in
585 2237 643 2293 eius
664 2235 795 2295 honorem
813 2237 886 2294 t'esta
932 2255 1003 2316 pore
1029 2237 1121 2294 omnia
1148 2235 1187 2294 ad
1214 2233 1300 2291 vitarn
1330 2230 1405 2287 denno

395 2322 534 2381 habebant
546 2321 683 2392 instituta,
705 2321 803 2396 quibus
817 2321 885 2396 quid
934 2322 1015 2398 qnasi
1036 2327 1144 2380 revocat
1165 2326 1194 2378 el
1215 2323 1358 2376 conservat
1372 2344 1406 2354 —

396 2413 503 2466 veteres
520 2403 660 2464 declarare
678 2404 829 2477 voluerint,
854 2404 884 2460 id
933 2406 978 2465 De
998 2426 1028 2464 re
1050 2406 1152 2464 musice‘
1164 2403 1354 2480 Aegyptiorum
1368 2415 1404 2452 ve·

396 2511 457 2552 euru
472 2509 528 2548 non
540 2489 650 2563 latebit,
667 2489 712 2564 qui
723 2532 732 2562 ,
745 2507 817 2564 quae
829 2487 884 2546 Ae·
934 2497 1022 2550 terum
1047 2491 1288 2564 instrumentisque
1310 2483 1403 2541 musicis

395 2575 552 2653 gyptiorrrm
569 2576 699 2634 festorum
719 2575 755 2632 de
767 2574 883 2633 Osiridis
935 2576 989 2635 Cr.
1004 2575 1106 2634 consuli
1119 2575 1246 2652 inprimis
1262 2571 1311 2628 vult
1326 2569 1401 2624 deser.

395 2661 471 2718 obitu
486 2662 574 2732 ratio,
595 2659 772 2736 perspexerit.
808 2658 884 2726 Quid
933 2660 1053 2736 del’llg.
1075 2659 1128 2718 vol.
1142 2658 1169 2717 ll
1194 2680 1222 2737 p.
1236 2658 1292 2722 328
1317 2659 1342 2711 el
1359 2649 1403 2720 (de

395 2743 467 2804 eninr
487 2742 632 2821 Aegyptiis
654 2745 756 2815 Osiris,
777 2743 806 2801 id
824 2745 884 2801 sere
933 2747 1012 2826 poesi
1026 2745 1092 2805 ibid.
1109 2765 1139 2823 p.
1150 2747 1230 2818 328)
1245 2741 1318 2800 me'na
1330 2735 1380 2792 livr-
1394 2732 1403 2789 l

302 2891 305 2896 ,
394 2828 501 2886 Adonis
525 2828 705 2886 Phoenicibus
726 2834 811 2906 atque
826 2829 884 2902 Cy·
933 2853 962 2912 p.
979 2833 1039 2895 181
1055 2849 1133 2907 seqq.
1177 2829 1238 2886 Alia
1259 2817 1402 2899 inSynrb·l

394 2913 471 2992 priis.
513 2913 559 2972 Ne
583 2912 681 2987 multa,
708 2914 762 2972 vid.
784 2915 884 2971 Creuz.
933 2937 962 2996 p.
977 2916 1040 2981 447
1057 2934 1116 2991 seq.
1131 2913 1282 2972 laudantur.

394 2998 490 3074 Symb·
510 2997 536 3056 ll
557 3018 585 3077 p·
599 3001 640 3063 94
653 3018 712 3074 seq.
754 2997 816 3058 Nec
835 2998 884 3056 de·
968 2998 1036 3062 sol
1054 2993 1163 3077 ἀοιδήν
1175 3021 1216 3061 τε
1229 2980 1403 3071 salmuro·

395 3085 478 3160 nique
489 3082 542 3142 huc
560 3102 617 3142 non
628 3086 749 3163 pertinet
762 3084 886 3142 Graeco-
934 3107 991 3165 eqo
1003 3083 1056 3146 καὶ
1069 3078 1204 3164 μούνην]
1224 3079 1271 3144 καὶ
1281 3111 1313 3123 -·
1322 3096 1348 3136 τι
1358 3073 1403 3130 hor:

394 3187 456 3226 rum
483 3165 528 3226 ille
551 3166 653 3242 Mnus,
683 3166 815 3247 Apollinis
837 3167 885 3243 qni
933 3172 996 3231 loco
1017 3169 1191 3229 abundanter
1215 3168 1299 3247 posita
1322 3159 1404 3218 riden-

395 3255 483 3314 sertur
497 3251 584 3325 filius,
597 3255 632 3312 ab
648 3252 884 3314 Herculeoecisus
934 3263 995 3330 tur,
1023 3271 1106 3330 quem
1138 3273 1216 3312 usum
1238 3243 1404 3310 aSrbaelero

397 3345 425 3398 et
431 3337 550 3396 carmine
563 3337 670 3414 lugubri
685 3338 751 3398 inde
763 3337 886 3398 oelebra·
936 3343 1128 3413 o'bserratum,
1153 3339 1189 3397 ah
1208 3337 1260 3396 aliis
1274 3333 1403 3402 amatum,

394 3428 448 3480 tus.
491 3418 575 3480 Plura
588 3423 716 3482 Creun.l.
730 3422 749 3482 l.
770 3443 800 3502 p.
813 3421 885 3486 246.
936 3428 1026 3486 denno
1048 3423 1179 3501 exemplis
1204 3414 1305 3480 firmarit
1323 3407 1404 3465 Stall-

395 3507 477 3574 Qune
489 3508 597 3580 omnia,
619 3508 641 3566 si
653 3527 785 3568 summam
802 3525 887 3584 quae·
936 3512 1027 3571 baum.
1040 3508 1186 3568 adl'latou.
1196 3499 1286 3563 Phileb.
1297 3515 1325 3574 p.
1334 3491 1402 3564 144,

396 3608 458 3662 ras,
478 3589 516 3647 nil
528 3590 601 3649 aliud
614 3594 673 3653 sere
684 3595 814 3666 indicant,
835 3593 888 3651 nisi
935 3600 1007 3656 teste
1023 3593 1074 3654 Cr.

396 3675 886 3754 narmenantiquissimum,quo,quae
1073 3721 1099 3780 c
1169 3707 1269 3774 Lm

396 3759 435 3818 dii
456 3758 511 3835 ipsi
527 3759 556 3816 in
575 3763 657 3820 terris
670 3763 729 3843 pati
742 3769 887 3838 cogantur,
1106 3738 1152 3798 ψ’
1271 3752 1278 3766 '

396 3845 454 3901 sata
462 3861 557 3902 eorum
568 3846 658 3905 tristia
666 3846 793 3924 adeoque
802 3866 888 3920 mors,
979 3844 1181 3928 Σομφὲμοντοι
1207 3834 1238 3900 δὲ
1263 3832 1314 3896 ard
1338 3822 1403 3891 ro'ds

397 3945 479 4003 quarn
493 3935 523 3986 nt
536 3929 661 3988 homines
674 3931 718 4004 (et
731 3951 783 4010 pro
800 3930 889 3990 honri·
937 3928 1009 3995 ἄλλο
1038 3955 1065 3994 ιι.
1086 3953 1109 3992 r.
1131 3924 1173 4005 b]
1200 3925 1311 4002 Spartae
1335 3933 1404 3992 quae

396 4012 493 4088 nibus)
510 4013 587 4070 obire
606 4015 744 4090 debeant,
764 4017 889 4077 eontine-
936 4020 1020 4079 fuerit
1038 4033 1135 4092 magna
1153 4027 1244 4072 aenum
1262 4001 1405 4064 reverentia

396 4104 494 4168 antur,
524 4115 596 4173 qnae
616 4099 677 4178 ipsa
704 4102 742 4160 ad
762 4101 889 4180 physicas
938 4105 1098 4181 honosque,
1111 4099 1197 4180 plnres
1210 4097 1338 4172 testantur
1348 4083 1407 4144 scri·

395 4183 516 4241 rationes
529 4188 677 4243 naturaeve
692 4192 792 4246 statum
808 4206 889 4246 revo-
938 4195 1034 4268 ptores
1055 4192 1173 4246 veteres:
1192 4179 1294 4240 Gellius
1306 4173 1342 4232 N.
1356 4171 1404 4229 lu.

394 4271 455 4324 enta
487 4264 552 4324 solis
575 4271 742 4328 constituent
769 4289 889 4330 annuum
938 4273 982 4344 ll,
998 4271 1047 4336 15.
1076 4268 1249 4350 Aristophan.
1263 4261 1331 4324 Nub.
1345 4257 1405 4322 989·

394 4369 501 4408 cursum
539 4371 590 4429 per
615 4352 745 4414 hiemales
778 4375 888 4414 meuses
938 4355 1078 4414 Plutarch.
1102 4356 1129 4414 ll
1152 4351 1267 4436 p.235‚
1288 4347 1319 4403 C·
1345 4341 1405 4408 237,

393 4435 473 4511 quasi
504 4437 685 4516 intermptum
712 4459 745 4498 ac
765 4447 889 4500 naturam
939 4441 982 4515 C,
997 4439 1111 4516 alii,de
1124 4441 1222 4518 quibus
1234 4425 1404 4495 eonsulWes-
