3048 5218
408 424 473 492 sss
750 383 1103 484 nsaouorr

406 585 528 676 ταύτης
547 586 612 676 γὰρ
636 587 693 655 stoi
719 585 843 674 ‘Ennio
864 588 989 674 λέγεται
1018 587 1176 676 γενέσθαι
1194 583 1262 654 siud
1286 583 1371 654 Ἑλ-

279 765 282 772 .
405 707 516 796 λήνων
541 705 560 776 d
585 705 696 792 Πάν’)
740 705 866 776 ἐλάσσω
895 705 967 776 ised
995 708 1061 777 ἐστι
1093 711 1159 776 τῶν
1190 712 1371 791 Τρωῖνοῐν,

267 802 363 895 '14ss
404 827 490 898 κατὰ
520 824 563 894 τὰ
599 823 778 933 ὀντττόσιοι
806 825 949 914 μάλιστα
976 828 1008 906 ἐς
1038 826 1102 913 sss.
1146 824 1286 895 Τούτων
1313 817 1370 895 siv

156 919 269 1067 {ittig
285 923 366 1066 &tin-'inq
409 946 608 1035 ἀμφοτέρων
635 942 774 1026 πάρεστι
798 951 945 1034 χρᾶσθαι
966 948 1054 1015 τοῖσί
1073 969 1123 1026 τις
1142 947 1287 1014 τείσεται
1310 951 1368 1014 λε-

158 1075 258 1118 nsoro·
306 1072 367 1130 spur
408 1067 578 1157 ηομένοτστ
594 1069 739 1152 μᾶλλον·
761 1065 835 1153 ἐμοὶ
855 1065 890 1135 d'
912 1059 963 1135 oio
982 1065 1005 1154 ἡ
1025 1063 1227 1150 περὶτούτων
1246 1064 1415 1154 γνύμηῦῠ

385 1184 635 1258 saixonensem.
672 1184 783 1272 εἰμὲν
806 1186 868 1272 γὰρ
893 1186 1034 1273 φανεροί
1061 1209 1101 1254 τε.
1122 1183 1277 1271 ἐγένοντο
1309 1187 1369 1254 καὶ

407 1305 636 1394 κατεγήρασαν
670 1304 727 1372 καὶ
760 1296 855 1374 ούτοτ
884 1305 921 1375 ἐν
951 1311 993 1395 τῇ
1024 1303 1172 1385 Ἑλλάδι,
1218 1297 1364 1390 νττύτερ

403 1424 581 1514 Ἡρακλέης
603 1422 622 1492 d
645 1425 678 1506 ἐξ
697 1421 944 1511 Ἀμφιτρύωνος
963 1427 1155 1515 γενόμενος,
1177 1427 1236 1494 isui
1252 1425 1289 1512 dq'
1303 1425 1357 1492 sei

406 1545 576 1625 Διόνυσος
598 1541 617 1614 d
638 1543 675 1612 ἐκ
694 1545 859 1632 Σεμέλης,
894 1547 951 1614 καὶ
975 1546 1052 1615 Πρὶν
1073 1546 1092 1615 ὁ
1114 1547 1151 1615 ἐκ
1173 1544 1361 1634 Πηνελόπης

411 1664 604 1755 γενόμενος,
634 1664 699 1754 ἔφη
721 1663 763 1733 ἄν
783 1688 852 1750 τις,
887 1665 946 1734 καὶ
967 1663 1109 1749 τούτους
1128 1664 1272 1747 ἄλλους,
1305 1661 1411 1734 iis-85

367 1963 424 2022 sius
438 1965 523 2039 atque
537 1961 701 2028 Creunerns.
739 1960 785 2023 Tu
803 1961 860 2020 vid.
1045 1962 1129 2044 Cap.
1151 1960 1279 2022 CXLVI.

368 2047 492 2126 inprimis
505 2045 619 2107 Inoiaui
638 2047 727 2108 loenrn
745 2049 775 2108 in
800 2049 861 2106 die-

368 2131 426 2208 log.
447 2131 524 2190 deor.
543 2133 626 2192 XXII
643 2151 709 2212 pag.
732 2139 775 2200 76
795 2133 859 2211 Bip.
952 2125 1069 2196 τούτων
1084 2123 1319 2212 ύνύμφοτέριν
1331 2123 1413 2212 πύρ-

367 2217 462 2294 ibique
474 2216 665 2278 Hernsterirus.
678 2240 706 2299 p.
722 2221 785 2284 319
800 2237 860 2294 seq.
911 2236 1011 2280 εστιν.
1025 2241 1049 2279 τ.
1065 2215 1102 2297 λ]
1129 2220 1225 2279 ταῦτα
1248 2208 1413 2296 ἀμφότερα

368 2309 398 2362 et
415 2303 537 2379 quande
551 2304 680 2364 universo
700 2305 752 2363 hoc
776 2323 861 2379 argu-
910 2303 1039 2382 iuteiiigit
1057 2311 1203 2382 utramque
1223 2303 1298 2362 iliam
1321 2304 1413 2360 rario-

366 2393 460 2446 mento
483 2386 638 2464 disputavit
657 2389 810 2448 Crenuerus
832 2389 862 2446 in
912 2409 991 2464 nem,
1013 2407 1068 2467 qua
1079 2390 1147 2448 deos
1163 2390 1290 2448 Graeeos
1304 2407 1339 2447 ex
1352 2387 1412 2447 Ae-

366 2461 490 2548 symbol:
509 2471 550 2532 lii
573 2495 604 2554 μ.
618 2473 677 2540 241
696 2492 775 2550 seqq.
799 2473 862 2538 243
911 2481 999 2554 gypso
1012 2475 1141 2534 adrestos
1154 2495 1219 2533 esse
1240 2473 1285 2532 alii
1303 2479 1411 2532 statue-

367 2575 447 2635 seqq.
484 2555 614 2618 Estveso
625 2557 861 2634 hicoogitandnm
911 2561 999 2634 bant,
1018 2559 1224 2637 aliinegubaut.
1245 2559 1309 2617 vin
1322 2575 1407 2634 supra

367 2643 405 2702 de
424 2639 521 2717 Pons,
557 2643 665 2722 qualem
684 2644 862 2702 indicavimus
912 2644 1018 2718 11,ss
1041 2665 1120 2722 seqq.
1159 2644 1293 2704 Herodoti
1311 2642 1398 2717 ipsius

368 2727 450 2786 deum
466 2726 494 2784 in
509 2733 569 2786 noi
583 2730 621 2787 ed
635 2730 741 2788 Herod.
757 2728 792 2801 11,
809 2728 861 2802 46,
912 2749 974 2790 eam
993 2731 1080 2790 fuisse
1106 2729 1261 2790 sententiam
1282 2724 1399 2784 maniis·

365 2816 452 2887 atque
467 2811 503 2870 de
520 2809 657 2872 Mercurio
668 2812 861 2892 Iiiypirnliico,
913 2821 985 2874 stum
999 2825 1061 2890 est,
1094 2823 1122 2875 ut
1140 2810 1317 2888 antiquissimi
1337 2810 1402 2868 fne-

366 2895 404 2954 de
419 2914 475 2972 quo
491 2895 608 2956 diximus
621 2900 657 2957 ed
671 2897 712 2973 ΙΙ,
728 2900 779 2964 51.
806 2897 862 2958 Pe·
912 2901 968 2959 rint
981 2898 1174 2980 Aegyptiorum
1187 2897 1246 2969 dii,
1266 2896 1298 2954 in
1309 2895 1406 2952 Grae-

358 2979 495 3060 ‘neiopanr
519 2988 613 3043 autern
635 2985 750 3043 uadunt
777 2983 861 3060 virgi·
912 2987 983 3044 ciam
1006 2987 1151 3064 postmodo
1169 2982 1274 3055 deisti,
1303 2981 1352 3039 ubi
1371 2999 1407 3039 eo

366 3084 447 3140 nun,
467 3073 616 3144 antequam
630 3067 715 3146 Ulyxi
727 3069 861 3149 supserir,
912 3072 973 3150 ipso
1000 3076 1129 3150 ternpore
1155 3071 1215 3128 nati
1241 3067 1409 3142 nominaque

366 3152 482 3230 magieis
500 3154 606 3213 artibus
622 3173 639 3213 a
658 3154 797 3215 Meroirio
816 3173 862 3212 ra·
911 3158 1051 3234 aooepisse
1069 3157 1266 3234 putabantur,
1299 3171 1354 3231 quo
1373 3169 1408 3211 ex

366 3243 445 3318 ptam
465 3244 495 3297 et
521 3239 557 3298 ab
578 3240 695 3314 eodem,
723 3242 772 3317 qui
792 3241 863 3298 λῖτα·
910 3239 1042 3320 Aegypto
1062 3240 1139 3298 allati
1158 3242 1272 3300 firerint
1292 3269 1337 3282 -
1356 3229 1410 3298 αύ-

367 3323 487 3401 speoiem
506 3325 697 3400 assumsisset,
722 3345 862 3404 compres-
910 3331 970 3387 τῶν
990 3343 1049 3384 cnm
1072 3325 1169 3385 Gaiss.
1190 3325 1265 3387 edidi
1284 3344 1337 3404 pro
1356 3316 1409 3383 ού-

368 3425 428 3466 τσω
442 3409 537 3468 fnisre.
570 3409 628 3469 Ubi
645 3410 861 3490 Penelopeeunr
909 3409 992 3474 τέων.

366 3492 425 3552 iere
435 3491 525 3552 locum
539 3499 635 3554 tenere
649 3497 766 3571 ridetur,
777 3513 860 3574 quem

365 3575 395 3634 in
415 3577 511 3638 similis
533 3582 691 3656 argrnnenti
710 3580 811 3641 sabulis
832 3585 861 3641 et
949 3575 1002 3640 καὶ
1031 3573 1162 3652 τούτους
1190 3574 1318 3648 ἄλλους,
1344 3567 1402 3636 ἄν·

366 3659 502 3741 Pasiphae
515 3670 545 3722 st
557 3663 723 3745 Proserpina
733 3667 861 3744 adeoque
909 3665 983 3746 δρας
995 3661 1187 3745 γενομένους]
1206 3655 1331 3730 τούτους
1348 3655 1403 3720 ἅλ-

365 3745 426 3824 qm
459 3746 570 3808 Helena
599 3756 696 3811 tenere
723 3753 860 3812 dicuntur.
909 3756 981 3824 λοος
994 3751 1070 3809 iocre
1084 3751 1152 3810 ulios
1165 3745 1405 3823 inidiigitposte-

366 3829 442 3890 Nolo
461 3851 534 3892 nuno
553 3833 633 3912 plura
647 3837 765 3912 afferre,
786 3856 860 3916 quae
909 3837 996 3897 riores
1035 3837 1103 3895 deos
1133 3833 1254 3912 priorum
1290 3829 1404 3892 iliorum

231 3917 235 3929 '
261 3931 264 3946 ·
366 3915 491 3976 melius-e
509 3917 641 3981 Creuueri
662 3919 732 3980 libro
747 3920 766 3980 l.
779 3922 860 3982 ieo-
909 3921 1122 4001 (Aegyptiorum
1148 3936 1303 3994 comasque
1331 3917 1404 3976 anti-

364 4003 613 4084 gnosoiqsoismut
715 3994 720 4008 '
908 4005 1316 4084 quissirnornm)oognomines.
1333 4003 1403 4061 Cum

912 4093 1003 4153 Gaias.
1023 4090 1116 4170 scripsi
1147 4081 1265 4168 ἄνδρας
1283 4085 1404 4169 γενομέ-

406 4166 484 4234 sroroi
498 4165 714 4238 resistendos
733 4169 860 4257 μάλιστα
910 4178 1027 4252 νονς(ἰ.
1040 4196 1064 4236 e.
1079 4194 1139 4234 mss
1154 4173 1403 4251 inmansuetiss-

364 4254 396 4332 λς
409 4255 479 4336 ios]
501 4257 572 4318 inde
590 4257 668 4320 Pana
682 4281 758 4321 anuo
776 4268 858 4329 1260
909 4264 980 4339 susi)
998 4264 1110 4322 inverso
1123 4261 1229 4321 ordine.
1257 4259 1317 4319 Nec
1332 4277 1402 4336 opus

364 4361 391 4406 τ.
403 4343 470 4402 Chr.
483 4361 512 4401 u.
524 4343 629 4404 odimur
639 4347 720 4426 ponit
728 4346 858 4409 immor.
909 4367 972 4408 oum
985 4347 1102 4426 Toupio
1114 4347 1185 4421 (sid
1194 4344 1322 4406 Lardreri
1329 4343 1402 4418 not)

365 4427 576 4510 svlrossn.
908 4433 1018 4512 legere:
1048 4429 1102 4494 mi
1131 4428 1255 4504 τούτους
1280 4425 1401 4502 ἄλλος
