2982 5170
400 427 467 492 iffi
711 416 1065 490 flssnobotr

382 583 582 677 aarum·
624 586 728 664 iosias
761 584 897 676 Mau
929 583 977 678 δι’·
1005 607 1066 670 uu·
1116 581 1215 666 eiius
1247 582 1345 656 etan

362 767 569 788 w

359 899 461 961 teribus
482 899 658 982 scriptoribus
673 899 783 962 Ctesias
799 921 854 982 po·
901 899 973 962 cisse
990 899 1175 982 perhibeatur.
1219 897 1321 968 Quem
1336 915 1392 958 cnrn

359 984 494 1046 tissimum
514 987 551 1047 de
576 984 721 1064 Babylone
749 987 851 1063 retnld
899 986 960 1048 inre
979 985 1246 1047 ducernassurnserit
1266 983 1393 1056 Heeren,

360 1089 394 1132 ex
422 1089 479 1148 quo
507 1071 635 1132 desumto
659 1077 740 1148 sunt,
779 1091 852 1150 qnae
900 1071 1031 1152 ltpag.
1045 1073 1107 1138 158
1127 1089 1195 1147 seq,
1217 1086 1393 1148 nosquoqne

358 1156 436 1235 apud
455 1155 610 1216 Diodorum
635 1155 756 1216 Siculum
781 1156 852 1234 legi-
900 1155 1393 1234 euminsingulisHerodoteaenar·

359 1239 454 1312 mnsl,
466 1246 487 1307 7
499 1241 851 1320 (Ctes.Fragrnrn.p.397
899 1242 1013 1302 rationis
1038 1241 1129 1302 verbis
1157 1239 1330 1301 illustrandis
1346 1239 1393 1297 du·

360 1327 444 1404 seq.)
472 1325 502 1386 in
528 1325 667 1387 nonnullis
695 1327 852 1406 copiosiora
899 1348 961 1389 cern
974 1345 1253 1406 seqnuunrnecesse
1265 1331 1317 1385 est.
1340 1323 1392 1382 Hic

360 1411 472 1490 quidem
484 1411 660 1472 Herodoteis.
678 1409 772 1490 Atque
783 1413 852 1472 Cte-
899 1413 929 1474 in
952 1413 1110 1474 universnm
1135 1412 1261 1470 monitos
1286 1407 1389 1470 rdinus

359 1495 433 1571 sias,
452 1501 485 1555 ut
502 1495 681 1573 Herodotus,
697 1503 756 1556 turn
779 1516 851 1574 qnae
899 1497 1016 1559 lectores
1032 1517 1065 1558 cx
1085 1497 1185 1556 eodem
1202 1491 1383 1566 Heererioss.

359 1581 421 1661 ipse
433 1579 556 1656 viderat,
575 1587 634 1641 turn
645 1599 718 1660 qnae
733 1581 792 1642 aliis
804 1601 851 1642 ac-
898 1582 918 1643 l.
934 1603 1000 1663 pag.
1009 1581 1102 1659 175);
1120 1601 1192 1659 quac
1206 1577 1383 1642 veneni-

358 1671 441 1745 cepta
453 1665 609 1742 reluebat,
622 1667 772 1728 memoriae
783 1687 852 1749 pro·
899 1675 1012 1752 ptores,
1032 1668 1156 1746 inprimis
1169 1667 1338 1738 Herodotus,
1348 1663 1381 1721 de

359 1743 477 1812 diderat
496 1749 607 1829 Reliqui
625 1752 790 1832 scriptores,
804 1751 852 1830 qni
900 1753 960 1814 loco
974 1760 1003 1813 et
1015 1752 1119 1812 ambitu
1125 1750 1282 1828 Rabylonis
1296 1747 1383 1808 retnis

358 1833 508 1914 Rabylonis
525 1837 600 1902 urbis
616 1838 719 1897 iaciunt
731 1839 851 1898 mentio·
899 1839 1076 1910 tradiderint,
1095 1857 1146 1912 ea,
1157 1835 1256 1914 quoad
1269 1833 1384 1896 exrnrle·

360 1939 443 1998 nem,
471 1921 631 1984 alterutrum
646 1922 745 1982 borum
766 1923 852 1984 sacnti
900 1924 976 1984 ribus
997 1923 1088 1984 adhuc
1108 1923 1282 1981 exstantibus
1304 1917 1381 1994 colligi

359 2027 423 2068 esse
440 2007 575 2068 videntur.
616 2005 680 2068 Nec
705 2007 850 2068 recentiori
898 2015 1010 2090 potest,
1026 2006 1156 2078 ,maxime
1179 2007 1271 2066 videri
1293 2004 1382 2084 proba·

358 2095 451 2151 aetntc
465 2091 592 2167 dafuae,
612 2091 660 2170 qui
673 2091 760 2152 locum
774 2091 849 2151 urbis
897 2094 965 2155 bilia
979 2092 1138 2174 optimeque
1148 2091 1307 2151 confirmari
1316 2095 1340 2150 et
1349 2087 1382 2146 si-

358 2175 425 2235 ulirn
443 2175 625 2254 amplissimae
649 2177 848 2254 investigantes
897 2185 929 2240 tu
959 2185 988 2238 et
1020 2177 1209 2255 magnitudine
1244 2177 1383 2246 minuam,

357 2262 512 2338 urderaqne
519 2261 667 2323 invisentes
681 2261 849 2340 perlustran-
897 2263 967 2342 quas
984 2264 1030 2322 isti
1041 2263 1264 2344 peregrinaturos
1276 2257 1382 2342 perqui-

357 2349 454 2426 tesqne
476 2346 643 2405 accuratiora
662 2347 699 2405 de
719 2345 761 2405 bis
779 2349 848 2407 edo-
896 2349 1026 2410 sivemnt
1073 2347 1134 2408 Nec
1154 2349 1264 2407 omnino
1285 2343 1384 2404 talias

357 2448 420 2528 cere
439 2435 617 2529 petemmquc
637 2436 778 2492 auctorum
796 2434 847 2492 de-
896 2454 928 2495 re
954 2435 1017 2514 ipsa
1043 2431 1203 2507 abhorrere,
1234 2433 1382 2529 monstrant

355 2515 846 2679 diffidentibus}
894 2517 1376 2683 trrdsslttlzldlffi

354 2689 465 2764 praeter
477 2681 659 2745 ldebnbrium
669 2685 845 2748 alioslandut
894 2691 977 2749 Sinas
1003 2691 1140 2751 exstructa
1162 2685 1309 2750 recentioris
1329 2700 1378 2740 ae·

353 2765 471 2828 Rfflssel·
494 2788 560 2848 pag·
583 2768 647 2835 546
670 2771 714 2832 ed
734 2790 844 2833 vernae.
893 2775 957 2835 tntis
973 2777 1165 2854 peregrinator
1184 2771 1278 2834 binio
1299 2765 1377 2841 l’olo,

354 2851 414 2910 Sed
435 2851 519 2931 Angli
545 2855 694 2935 praecipue
719 2856 844 2918 homines
893 2859 969 2920 lrand
991 2859 1090 2921 dubiae
1120 2859 1190 2920 fidei
1209 2859 1263 2933 rir,
1288 2857 1379 2912 narrat

353 2940 844 3019 tantocnrnstndioatqneindustria
892 2941 1028 3025 perqrrarlr
1056 2944 1155 3005 similia
1177 2931 1225 3019 iis',
1254 2937 1378 3019 quaeda

352 3019 382 3080 in
401 3022 470 3084 mec
493 3024 705 3103 inquisiverunt,
732 3034 765 3087 ut
788 3029 843 3088 iam
892 3030 1035 3110 Babylone
1057 3037 1139 3111 pater
1158 3015 1285 3089 ilistoriae
1306 3028 1377 3080 relt-

352 3108 452 3168 certins
468 3110 557 3171 debis
569 3117 843 3192 nnncstntrrerepos-
891 3115 931 3176 lit.
971 3115 1036 3175 Vrd.
1060 3117 1181 3176 Heeren.
1201 3114 1251 3175 l.'l.
1269 3130 1295 3190 p.
1315 3109 1376 3172 192

352 3192 454 3270 almua3
486 3193 587 3271 Rieu,
609 3197 658 3274 qul
678 3197 844 3258 Brlttaniua'-
892 3221 952 3279 seq.
1003 3200 1057 3260 llis
1096 3189 1376 3260 addu'recentissiml

350 3296 412 3338 urm
433 3300 523 3340 rerum
543 3289 706 3360 procurator
723 3287 751 3344 in
774 3283 843 3346 nlbe
891 3285 1105 3366 peregrinaturis
1122 3275 1328 3364 dnqnsifionun
1340 3275 1376 3334 de

350 3359 485 3440 Ragdad,
505 3365 608 3444 pluries
622 3367 714 3427 inrisit
730 3368 841 3444 rudera,
891 3372 997 3431 ambitu
1009 3371 1147 3430 moenium
1156 3365 1375 3445 babylonicorum

351 3465 423 3522 quae
441 3449 592 3524 Babylonis
614 3469 677 3512 esse
708 3453 842 3530 leruntrrr,
890 3456 1031 3534 ipsiusque
1056 3457 1148 3532 urbis,
1163 3444 1372 3538 “nummipui

350 3529 478 3608 binisque
504 3533 695 3612 scriptionibus
729 3536 842 3598 inventa
890 3539 1015 3600 Itinerar.
1037 3542 1066 3600 in
1085 3540 1267 3619 Mesopotuuu
1289 3535 1370 3594 aco

349 3633 401 3673 sna
417 3615 519 3695 publici
539 3619 604 3677 seuit
629 3619 696 3678 iuris
704 3619 749 3697 *);
771 3621 841 3681 Ker-
888 3624 1220 3707 rin.1828'cap.xx111
1238 3639 1297 3704 pug-
1308 3614 1370 3679 492

349 3697 466 3774 Postea,
488 3702 535 3779 qni
558 3708 666 3780 septem
680 3711 747 3784 port
760 3707 839 3766 annis
889 3729 969 3788 seqq.
990 3702 1308 3785 „Alldllrummondin
1322 3698 1370 3758 ilie

347 3781 377 3842 in
390 3783 486 3846 iisdem
506 3787 665 3863 regionibus
679 3792 839 3851 ruderibus·
889 3783 1370 3867 classicellournulVol.lll'IP·149

347 3887 403 3954 que
418 3869 615 3949 perlustrandis
637 3877 839 3938 accuratissime
887 3899 965 3958 seq,
986 3882 1034 3940 nbi
1054 3884 1091 3944 de
1119 3881 1272 3941 annositate
1291 3869 1369 3928 buius

346 3960 486 4032 versatus,
513 3957 553 4014 ita
575 3956 612 4018 de
632 3955 674 4019 bis
698 3961 836 4038 disseruit,
887 3965 1081 4046 descriptionis
1100 3963 1305 4044 Babyloniorum
1323 3971 1370 4012 ¹1¹·

344 4043 376 4096 nt
386 4039 468 4100 facile
478 4037 599 4100 omnium
619 4063 755 4104 consensu
778 4065 836 4123 cos,
886 4049 928 4110 bis
940 4057 991 4112 etc.
1007 4053 1179 4132 disputatum
1193 4044 1310 4116 etffifio
1325 4037 1372 4098 ‘lle

344 4123 391 4202 qui
404 4131 470 4186 ante
484 4125 573 4206 ipsurn
586 4125 636 4188 bas
652 4130 781 4206 regiones
792 4131 836 4192 in·
863 4129 866 4134 ’
886 4135 1050 4198 Geschiclrte
1065 4139 1116 4198 der
1122 4133 1264 4196 Baukunst
1276 4127 1331 4202 bey
1343 4123 1372 4182 d.

343 4209 464 4271 meant
485 4229 518 4272 aa
544 4211 761 4294 descripserant,
792 4216 834 4276 vi·
882 4217 967 4280 Alteu
985 4220 1042 4302 lp.
1052 4221 1115 4290 134
1128 4220 1226 4302 seqq.“
1242 4215 1294 4277 Cr.
1308 4208 1372 4272 blo-

213 4333 217 4350 ⁹
276 4417 280 4423 ,
383 4357 406 4429 ’)
439 4359 514 4413 tlonf.
529 4361 704 4432 Fundgrnben
721 4363 769 4419 des
787 4367 894 4420 Oriente
908 4369 958 4434 ΠΙ,
975 4371 995 4426 2
1012 4387 1040 4440 p.
1056 4373 1107 4428 129
1124 4389 1199 4444 seqq.
1217 4371 1235 4426 8
1251 4382 1310 4436 pag.
1323 4357 1373 4416 19⁷

443 4435 579 4504 seqq-tv,
595 4437 611 4492 t
628 4435 705 4505 ριδῦ
721 4435 782 4491 noll.
798 4437 1024 4496 Clusirallonrn.
1044 4441 1175 4498 VoLXH
1194 4435 1370 4533 prmum·
