2990 5228
599 435 957 498 Excuusus
999 435 1063 495 Vlll

570 1225 955 1314 EXCURSUS
998 1235 1089 1312 VIII

408 1413 502 1476 AD
573 1407 1250 1484 uuuouoT.11,1at

490 1573 543 1644 [us
558 1575 680 1630 omen
700 1579 845 1630 masau
863 1571 981 1624 unone.
1000 1586 1029 1640 ρ.
1041 1570 1092 1625 aar
1107 1568 1174 1641 seq]

346 1925 472 2004 „Zoiga
488 1931 564 1986 recle
581 1925 687 2004 accepit
707 1925 793 1984 verba
806 1923 960 1984 Herodoti:
981 1925 1039 1984 τοῦ
1052 1915 1189 2000 σώματος
1206 1915 1241 1981 dl
1255 1915 1397 1994 manill

262 2051 368 2102 νοντος
393 2029 425 2088 dc
451 2047 556 2107 copore
576 2027 723 2108 dilapsa
748 2031 778 2088 t'u
797 2031 893 2086 αἰισω
911 2026 1047 2086 dirsdutu
1089 2023 1166 2084 Nam
1185 2023 1307 2102 primum
1323 2018 1395 2095 cogi·

261 2133 347 2192 tanda
369 2132 533 2191 snnt'uohis
562 2133 640 2190 rudia
662 2136 690 2190 et
709 2129 837 2188 inchoata
864 2128 1056 2188 tautummodo
1083 2127 1160 2185 initia
1184 2125 1398 2185 condiendomm

147 2299 152 2314 ,
261 2253 431 2314 corporum,
458 2252 544 2310 quae,
571 2239 602 2291 ut
626 2233 739 2310 quidem
765 2232 896 2306 videtur,
931 2231 1088 2291 edesertis
1115 2227 1226 2288 Africae
1254 2229 1399 2300 ducuntur,

260 2342 360 2413 sponte
380 2335 565 2393 arescentibus
581 2334 760 2394 cadaveribus
777 2335 847 2392 sioco
869 2339 969 2409 vento,
990 2339 1020 2393 et
1040 2334 1077 2391 ad
1096 2337 1204 2408 ternpus
1226 2330 1396 2389 durantibus.

258 2435 386 2509 Deinde,
413 2435 461 2512 qul
476 2453 615 2514 pauperes
631 2453 664 2499 aa
683 2441 779 2496 tenues
803 2455 854 2513 per
874 2433 1032 2514 Aegyptum
1051 2435 1126 2494 tenui
1146 2433 1265 2508 rudique
1281 2431 1394 2489 artificio

258 2544 459 2618 postmortem
482 2539 695 2598 condiebantur:
728 2557 823 2598 eorrmr
844 2538 980 2598 mdavera
1006 2556 1104 2618 parum
1131 2534 1261 2596 credibile
1287 2541 1348 2594 erat
1366 2535 1393 2591 in

257 2645 420 2720 perpetuum
442 2641 587 2715 duratura,
622 2649 654 2701 ut
674 2643 797 2702 omittam
816 2640 951 2699 nobiliora
980 2658 1094 2717 quoque
1115 2644 1143 2696 et
1171 2636 1389 2714 generosioribus

259 2742 369 2800 condita
386 2743 593 2803 medicamentis
608 2765 727 2824 corporo
744 2764 801 2803 nou
821 2745 850 2800 in
871 2749 1038 2822 perpetuum
1055 2741 1183 2800 immunia
1200 2759 1216 2796 a
1235 2733 1383 2813 cornrptela

257 2861 325 2902 esre
368 2841 430 2900 Nec
450 2843 539 2918 magis
557 2846 738 2920 memorabo,
766 2847 816 2919 vi,
843 2846 918 2904 ferro
942 2846 1061 2922 igneque
1079 2843 1202 2900 absumta
1224 2857 1286 2898 esse
1312 2855 1387 2894 uou-

256 2959 396 3020 nuuquam
416 2943 551 3003 cadavera
567 2945 719 3021 medicata,
740 2947 815 3008 velut
837 2965 916 3020 cum,
944 2947 1081 3026 cambyse
1101 2945 1192 3018 duce,
1209 2941 1318 3002 Persae
1329 2940 1392 3000 bel-

256 3048 358 3108 latores
390 3065 442 3126 per
465 3043 638 3106 Thebaidem
670 3053 734 3107 suut
759 3050 884 3126 grassati
948 3048 987 3107 Et
1015 3057 1109 3108 tamen
1136 3067 1219 3107 nunu
1250 3047 1392 3124 quisquam
1467 3117 1468 3120 Ἴ

256 3149 455 3227 Aegyptiorum
474 3149 596 3208 omniurn
617 3150 786 3210 fraudandus
807 3171 840 3211 eo
862 3151 959 3210 solatio
977 3157 1053 3210 erat:
1082 3155 1201 3210 unierunt
1217 3169 1295 3209 suun
1315 3153 1392 3208 elion

257 3251 361 3328 dilupro
381 3253 484 3326 corpori
504 3254 667 3329 superstitem
681 3251 754 3330 fore
797 3251 873 3319 Quid
892 3255 980 3328 igitur
992 3252 1121 3331 feceruut
1140 3253 1310 3312 scendum?
1338 3253 1394 3316 Do

256 3359 364 3413 cuenmt
382 3351 521 3430 br'j'urium.
565 3351 668 3412 Pleion
685 3356 833 3414 imbuerunt
853 3354 887 3414 ed
908 3358 1042 3433 opim'oru,
1069 3360 1103 3412 ut
1128 3355 1258 3430 crednet,
1280 3355 1315 3415 nb
1334 3375 1394 3414 eoa·

255 3457 317 3517 nido
336 3473 455 3532 corpore,
482 3455 510 3512 h.
532 3475 557 3514 e.
578 3455 699 3534 dilapso,
724 3457 783 3516 ulr'u
801 3476 834 3515 ex
859 3458 924 3516 aliis
948 3477 1057 3536 corpora
1083 3461 1266 3534 ingressura·
1283 3459 1389 3517 donini

254 3562 385 3618 minum:
414 3556 649 3616 obtruncarunt
674 3559 839 3618 crudiliorem
857 3565 1010 3620 ennodium
1026 3560 1231 3638 palugmeom.
1278 3561 1339 3628 Qua
1357 3561 1387 3618 in

254 3681 285 3721 re
306 3659 373 3718 illud
393 3676 474 3716 nemo
499 3657 609 3717 obiiciet
630 3659 727 3719 nohis:
756 3661 809 3718 hoc
826 3669 909 3739 pacto
933 3663 1030 3722 melius
1055 3663 1208 3721 consrdtum
1227 3663 1314 3721 fusse
1332 3663 1389 3741 pri-

253 3759 423 3822 madianitis
444 3757 657 3839 honoratisque,
690 3770 723 3821 ut
742 3762 789 3838 qui
811 3782 842 3822 se
858 3765 1027 3824 condiendos
1046 3771 1143 3823 narare
1162 3769 1272 3842 possent
1292 3766 1387 3825 effica-

253 3866 310 3923 cius
328 3863 366 3922 ad
385 3862 595 3941 perpetuitatem
611 3867 720 3923 'formae
738 3883 906 3943 corporeae,
940 3886 1023 3944 quaro
1044 3887 1106 3926 cum
1124 3867 1229 3926 intimae
1249 3868 1386 3927 conditio-

251 3967 295 4026 nis
316 3964 487 4038 hominihus,
516 3968 547 4022 ut
566 3983 684 4040 quorum
704 3966 839 4026 cadavera
865 3967 942 4028 citius
963 3971 1130 4031 diffluerent
1171 3965 1245 4024 Nam
1268 3967 1382 4046 primum

252 4087 334 4128 nemo
351 4067 455 4142 nescit,
483 4068 513 4125 iu
530 4067 666 4126 eiusmodi
694 4071 866 4130 sacerdotum
892 4089 1047 4151 regrunque
1073 4069 1243 4130 orientalium
1273 4070 1380 4149 imperio

252 4187 335 4247 quam
362 4168 417 4228 vim
443 4167 546 4228 habeat
571 4167 717 4231 Castarum
739 4173 917 4247 differentia,
951 4179 981 4232 et
1009 4180 1142 4252 quantum
1170 4171 1223 4231 sihi
1248 4170 1379 4248 hodieque

251 4271 381 4329 ludorum
411 4271 558 4349 optimates
593 4271 755 4351 indulgeant
786 4275 814 4331 io
850 4281 1036 4337 extremm
1073 4276 1218 4334 Cantatum
1252 4274 1377 4334 homines.

249 4371 360 4432 Deinde
379 4371 422 4430 vel
442 4371 588 4435 vilissimae
610 4376 691 4435 sortis
717 4375 858 4449 homines,
892 4375 941 4454 qui
960 4383 1162 4457 postmortem
1182 4378 1286 4436 Osiridi
1300 4379 1375 4436 vitam
