3008 5186
533 471 578 536 02
848 463 1203 528 HERODOTI

535 635 618 719 ἔοίυ,
657 631 748 720 voci}
776 634 837 722 μίν
862 637 974 722 γενεῇ,
1008 630 1119 720 piceos
1152 631 1188 702 ol
1222 632 1290 699 οοῦ
1326 631 1369 716 βο

518 753 713 844 ποοοίθοίυ
734 755 770 824 ll
791 746 888 833 οὗτος
916 752 950 834 lc
977 753 1018 821 τὰ
1038 753 1187 840 Κροίσου
1208 751 1319 830 ululo,
1356 773 1369 816 s

535 901 622 962 μους
650 874 729 956 τους
764 875 960 961 ἐπιχωρίους
992 875 1180 962 υοθοοοίου
1211 866 1324 940 illeso
1353 894 1369 938 s

500 1079 717 1138 communionem
736 1084 785 1138 aut
802 1080 992 1140 commercium
1041 1099 1072 1160 p.
1088 1078 1179 1144 4not.
1195 1079 1223 1140 1.
1252 1073 1308 1132 Est
1320 1073 1369 1148 dig

500 1165 790 1240 aversabanturusqne
805 1163 992 1226 durncrimine
1042 1183 1104 1238 res,
1126 1181 1199 1242 quae
1224 1161 1279 1220 hoc
1297 1159 1369 1237 potis

499 1247 537 1307 illi
549 1249 650 1327 expiati
663 1255 758 1308 essent
771 1269 805 1309 eo
818 1251 887 1322 ritu,
908 1251 956 1326 qui
973 1249 991 1308 l.
1041 1255 1139 1330 spectu
1160 1247 1242 1308 altius
1260 1246 1369 1322 indage

499 1334 517 1391 l.
532 1334 669 1414 copiosius
688 1335 858 1394 describitur.
900 1333 992 1412 Atque
1042 1336 1140 1394 doctis.
1182 1333 1228 1394 lle
1248 1329 1314 1391 ann
1340 1349 1369 1405 gr

499 1419 579 1478 huius
600 1419 702 1495 moris,
722 1420 826 1497 inquo
847 1421 991 1498 sanguinis
1042 1439 1097 1500 que
1130 1417 1297 1479 nomadibus
1326 1434 1369 1494 per

499 1504 651 1579 uindictae,
677 1523 761 1582 quam
782 1507 893 1580 dicunt,
917 1505 993 1563 haud
1042 1507 1162 1584 sparsis,
1184 1503 1261 1583 apud
1274 1499 1369 1578 quosi

498 1590 618 1648 obscura
630 1591 748 1668 vestigia
760 1597 921 1665 cernuntur,
944 1590 992 1665 (il-
1041 1591 1196 1669 tiquissimo
1215 1606 1287 1648 aevo
1310 1587 1370 1646 etia

498 1673 553 1732 lam
567 1674 638 1733 enim
652 1695 709 1735 non
722 1676 813 1734 miuus
826 1675 902 1755 apud
920 1677 992 1734 unti-
1042 1677 1116 1736 dictu
1126 1673 1272 1751 sanguinis
1291 1671 1366 1730 valet

499 1759 649 1836 quissimus
664 1761 804 1836 Graecos,
826 1762 992 1840 quamapud
1041 1761 1189 1822 commissa
1205 1758 1248 1818 vel
1262 1758 1318 1817 hoc
1330 1754 1370 1816 vd

498 1844 645 1905 orientales
667 1853 766 1922 gentes
792 1846 928 1923 valuisse,
947 1847 993 1905 vix
1040 1846 1141 1906 luenda
1155 1851 1216 1920 est,
1237 1861 1312 1904 nune
1326 1861 1370 1901 nor

499 1931 565 2005 erit,
586 1931 634 2008 qui
646 1931 746 2008 neget)
757 1931 854 2006 huius,
876 1931 991 2010 inquam
1041 1933 1146 2012 quippe
1159 1931 1273 2006 longum
1288 1933 1370 1988 estet

498 2015 582 2074 moris
609 2015 661 2074 alia
686 2036 797 2094 quoque
819 2017 905 2077 multo
925 2023 992 2096 post
1039 2023 1136 2077 nostro
1150 2017 1293 2086 instituto;
1327 2032 1370 2071 ma

497 2107 642 2161 ooeumrnt
654 2103 770 2180 vestigia
783 2102 827 2162 vel
839 2105 930 2182 potins
945 2123 991 2162 re·
1039 2109 1159 2162 strorum
1173 2099 1297 2162 meminit
1312 2099 1370 2172 Cu,

496 2186 598 2265 liqniae
616 2187 645 2244 in
658 2185 866 2248 Atheniensium
879 2186 991 2264 legisla·
1038 2190 1078 2248 ita
1094 2188 1210 2248 Tacitus
1229 2187 1259 2243 iu
1278 2183 1370 2244 Gennr

495 2272 574 2333 tione
598 2270 770 2350 indiciisque.
824 2272 891 2331 Fuit
917 2272 989 2331 enim
1039 2273 1200 2356 „suscipere
1226 2277 1283 2330 tam
1306 2269 1370 2326 inim

496 2357 673 2416 maronam
689 2357 881 2450 religioqeque
898 2375 991 2416 sacra-
1039 2359 1128 2440 patris
1146 2377 1197 2417 seu
1215 2353 1370 2436 propinqui1

495 2447 554 2499 trun
597 2442 817 2518 antiquissimum
861 2441 990 2502 iudicium
1039 2443 1155 2503 micitias
1183 2459 1297 2502 necesse
1325 2446 1367 2498 est

495 2525 668 2605 Ephetunnn
675 2525 990 2613 salneneotpquod
1038 2527 1187 2610 placabiles
1207 2528 1319 2586 darual.
1340 2524 1370 2582 lu?

495 2616 608 2692 praeter
619 2611 672 2672 alia
685 2613 835 2689 inquireret
847 2615 876 2672 in
888 2613 988 2673 caedes
1038 2615 1139 2674 eidium
1151 2619 1225 2673 oerto
1237 2617 1371 2671 amentor

494 2696 649 2756 inconsulto
673 2700 848 2773 commissas,
878 2703 989 2759 auctore
1038 2700 1139 2760 eudurn
1153 2717 1266 2759 numero
1285 2697 1371 2775 recipit

495 2781 673 2857 Pausanial,
687 2785 738 2858 28,
752 2787 782 2850 9.
826 2783 891 2853 Quo
904 2784 933 2841 in
947 2784 988 2842 iu-
1037 2784 1187 2844 factionem
1234 2783 1358 2842 universa

494 2869 568 2928 dicio
582 2886 614 2926 re
628 2868 797 2948 disceptata,
820 2887 896 2927 reum
905 2889 988 2949 opor·
1036 2869 1117 2930 Haeo
1130 2869 1281 2928 satisfactio
1299 2866 1371 2926 medi

493 2953 546 3012 tuit
560 2970 612 3029 per
633 2971 736 3013 aunum
752 2954 869 3014 Athenis
888 2955 987 3014 abesse
1036 2955 1106 3014 citur
1122 2953 1264 3030 Wsn'gslsl,
1280 2951 1371 3028 Wereg·

494 3043 524 3098 et
544 3036 616 3096 intra
633 3038 687 3099 hoe
708 3047 819 3119 tempus
843 3040 879 3100 de
896 3039 987 3100 reditu
1034 3041 1114 3118 ςείιίς
1139 3059 1173 3099 ac
1191 3039 1371 3118 comprobatio

492 3122 595 3202 pacisci
609 3143 672 3184 cum
684 3126 811 3201 cognatis
821 3127 892 3200 eius,
904 3143 987 3203 quem
1034 3124 1177 3205 scriptoris
1188 3125 1260 3186 tides
1278 3123 1371 3202 pluriu

356 3234 363 3247 ·
492 3207 648 3269 inconsulto
683 3211 867 3271 interfecerat.
924 3207 986 3268 Nec
1034 3213 1098 3270 niae
1109 3211 1231 3288 gentium
1254 3209 1371 3267 instituti

493 3293 552 3354 eius
575 3295 648 3354 bona
666 3296 808 3374 publioatu
826 3300 907 3370 sunt,
933 3313 985 3354 nee
1034 3297 1102 3372 bns,
1123 3315 1175 3356 neo
1187 3295 1224 3353 nd
1237 3294 1371 3354 hominesi

494 3381 599 3457 inipso
615 3381 710 3440 exsilio
725 3383 888 3461 propinquis
900 3381 985 3439 inter·
1036 3381 1092 3440 lum
1103 3400 1199 3442 verum
1214 3379 1251 3438 acl
1268 3379 1371 3438 animali

493 3465 558 3524 fecti
573 3463 647 3522 licuit
659 3466 781 3526 exsulem
791 3467 932 3544 persequi,
938 3463 985 3541 qui
1034 3485 1131 3543 caesa,
1152 3465 1206 3524 alia
1219 3465 1353 3544 pertinuit

492 3549 540 3607 ubi
553 3565 626 3606 auno
639 3551 828 3628 praeterlapso
850 3571 910 3610 cum
932 3550 985 3608 illis
1033 3554 1183 3611 ctissimurn
1216 3551 1342 3611 Hessium
1370 3569 1371 3606 1

492 3639 591 3714 pactus
604 3641 694 3710 esset,
714 3637 830 3716 patebat
844 3637 869 3697 ei
879 3635 985 3698 reditus
1034 3637 1125 3696 Taciti
1151 3637 1169 3696 l.
1197 3636 1215 3695 l.
1263 3634 1371 3710 Singula

492 3719 522 3776 in
534 3718 668 3795 patriam,
697 3715 744 3781 ubi
759 3727 852 3782 tamea
865 3723 920 3801 ipsi
933 3739 984 3779 ne·
1032 3729 1163 3783 monente
1179 3721 1229 3782 Cr.
1249 3721 1317 3779 hune
1334 3739 1371 3804 m(

492 3823 572 3862 cesse
588 3811 648 3863 erat
658 3805 769 3885 expiari.
791 3807 874 3868 Cont'.
889 3803 981 3864 Sohol.
1031 3810 1143 3869 stravit:
1172 3807 1194 3866 1.
1212 3805 1330 3864 Grimm:
1358 3805 1371 3861 ί

492 3888 530 3946 ad
548 3887 646 3968 Eurip.
665 3891 811 3969 ffippolyt.
837 3893 889 3958 35.
923 3889 982 3951 De-
1031 3889 1371 3970 eigenealtgermenischel

492 3973 592 4032 morth.
606 3994 660 4054 pro
676 3976 777 4036 Neaer.
799 3999 828 4058 p.
838 3977 937 4050 1848,
951 3977 981 4035 in
1029 3977 1201 4039 Mordsirlrne
1222 3978 1251 4035 in
1270 3976 1371 4050 Savign¹

492 4057 621 4119 Aristocr-
638 4080 669 4141 p·
686 4060 757 4126 648.
775 4067 836 4128 631
857 4063 982 4139 aliosque
1030 4066 1126 4124 sehrist
1153 4065 1198 4122 fiir
1225 4061 1371 4139 geschiohtl

492 4149 522 4202 et
535 4145 713 4205 recentiorum
725 4147 819 4221 locos,
832 4148 981 4224 quiheede
1030 4147 1272 4208 wissensolanro.
1281 4146 1371 4224 Xle

491 4247 523 4287 re
548 4236 679 4305 egerunt,
706 4232 783 4309 apud
811 4233 980 4293 Creuzerurn
1030 4241 1059 4293 et
1071 4233 1111 4290 ΙΙΙ
1127 4253 1168 4292 nr.
1181 4233 1222 4291 ΙΙΙ
1233 4232 1371 4306 ,‚Literatu

490 4313 522 4372 in
535 4313 659 4390 Symbol.
675 4315 701 4374 ΙΙ
715 4335 743 4393 p.
758 4315 821 4381 694
845 4325 903 4376 not.
916 4315 979 4382 424
1027 4317 1193 4378 nordisclren
1207 4319 1371 4395 Geeoe‘p

491 4400 815 4477 consonantes
858 4402 980 4462 Voemel.
1071 4400 1202 4465 ίδίετυ
1228 4406 1371 4482 κυοῆου

489 4485 527 4544 sle
550 4483 666 4548 Heliaea
697 4485 846 4562 (Francos.
875 4486 978 4564 1822)
1029 4489 1128 4550 retinui
1139 4489 1371 4566 suffiaquntibusn
