3048 5218
435 339 440 350 ¹
504 386 826 452 nurnero.
869 389 908 450 ιι
1118 395 1183 460 sos

206 548 444 635 Σεσώστριος
462 553 630 642 βασιλέος·
663 551 799 641 δεύτερα
822 555 877 638 δὲ,
904 554 960 625 ini
979 561 1049 625 son
1064 559 1183 633 Αἰθίο-

172 683 296 752 5πος
316 673 372 740 siai
393 670 499 758 τιν’ρτα
527 670 650 761 ὑψηλαὶ
678 674 839 762 ἐγένοντο.
879 673 1048 764 ’Ῥψηλέων
1070 678 1106 747 δέ
1126 681 1190 748 καὶ

209 790 352 878 ἑτέρων
383 792 595 879 τασσομένων
627 793 663 862 ἐν
691 799 745 882 τῇ.
761 792 917 884 Αἰγύπτῳ
945 797 1099 878 πολίων,
1135 824 1181 880 σε
1303 826 1306 834 ·

211 911 302 1000 ἐμοὶ
323 911 448 993 δοκέει,
477 909 617 998 μάλιστα
638 913 699 1000 μέν
719 910 984 1002 Βουβάστιπόλι
1006 916 1182 1006 ἐξεχώσθη,
1248 957 1251 964 =

217 1033 261 1103 ἐν
285 1041 327 1122 τῇ
354 1032 412 1100 καὶ
433 1028 509 1117 ἱρόν
537 1031 605 1102 ἐστι
633 1032 841 1120 Βουβάστιος
868 1029 1180 1124 ἀξιαπηγητότατον.

191 1151 315 1241 spito
336 1152 397 1240 μέν
417 1151 481 1240 γάρ
504 1149 606 1234 ἄλλα,
627 1154 684 1222 καὶ
705 1154 1007 1241 πολυδαπανώτερά
1028 1155 1096 1224 ἐστι
1110 1153 1222 1242 ipsi·³5

225 1270 334 1363 ἡδονῇ
357 1273 393 1343 δέ
413 1271 546 1343 ἰδέσθαι
566 1270 665 1342 οὐδέν
686 1271 808 1342 τούτου
828 1277 964 1360 μᾶλλον.
986 1275 1006 1362 ἡ
1029 1277 1067 1344 δὲ
1086 1275 1176 1346 Bori-
1220 1287 1278 1353 171
1334 1349 1335 1354 ,

224 1399 355 1484 βαστις,
397 1393 482 1464 κατὰ
517 1389 659 1464 Ἐλλάδα
695 1397 872 1480 γλῶσσαν,
917 1393 985 1462 ἐστὶ
1018 1391 1178 1480 Ἀρτεμις,

179 1667 291 1745 πόλιος
300 1669 354 1752 μέν
363 1671 578 1754 ἐκκεχωσμένης
588 1671 677 1751 ouon
727 1667 827 1750 η’δονή
847 1672 898 1745 (in
913 1674 1097 1748 nominativo,
1119 1682 1150 1736 nt
1171 1677 1221 1752 111,

181 1779 212 1819 τι.
235 1781 260 1820 τ.
280 1761 305 1818 1,
333 1777 404 1836 qnae
429 1761 466 1820 de
488 1779 589 1836 aggere
611 1759 677 1834 soto,
730 1759 825 1835 160),
848 1757 923 1816 hand
941 1761 1124 1819 necessarium
1143 1763 1222 1823 vide·

181 1863 239 1922 quo
252 1844 321 1903 nrbs
335 1845 501 1905 cirurmdntc
516 1847 610 1919 suerit,
626 1845 679 1902 mi·
728 1849 788 1917 tur,
802 1843 826 1901 si
840 1863 901 1902 cunr
918 1842 1072 1920 Schweigh.
1087 1847 1221 1906 subintel-

178 1931 256 1989 nime
270 1929 386 2006 intelligi
401 1936 535 2008 poterunt
544 1965 587 1974 -
596 1931 678 2003 „He-
729 1927 818 2004 ligere
829 1927 906 1987 nsciis
919 1925 1021 2014 η’δονῇ
1032 1928 1153 1994 ἰδέσθαι
1167 1926 1219 1995 oci-
1288 1989 1291 1995 .

180 2017 299 2076 rodoteo
313 2014 428 2074 ioudnnt
438 2032 548 2091 qnoque
556 2016 677 2074 editores
730 2009 782 2076 δέν
797 2016 911 2092 μᾶλλον
926 2006 1149 2098 οἷξιατιήγητον,
1171 2024 1220 2078 ont

179 2102 273 2179 operis
288 2099 419 2179 descript
440 2099 477 2160 de
490 2099 561 2176 l’Eq.
582 2099 637 2159 vol.
650 2099 677 2158 11
728 2117 790 2157 cum
806 2098 925 2176 Stegero
940 2095 1040 2184 ἡδονῇ
1051 2133 1093 2146 -
1106 2105 1220 2181 μᾶλλον

179 2186 325 2263 (Thebes)
344 2205 410 2264 pag·
429 2187 511 2257 871,
536 2185 583 2242 ubi
602 2205 677 2244 eorn-
727 2184 853 2262 nccipere
882 2204 934 2263 pro
962 2185 1076 2264 μείζονι
1101 2185 1218 2274 η’δονηῖ,Ι
1332 2245 1337 2254 ,

178 2273 303 2350 probant
323 2273 406 2330 certis
426 2269 598 2346 argumentis
616 2269 677 2347 pie·
727 2288 814 2346 aquo
828 2275 941 2343 temen,
963 2272 1041 2348 quod
1056 2272 1101 2333 ille
1113 2276 1220 2352 profert

182 2357 277 2417 nifiem
293 2355 366 2415 circa
379 2355 493 2415 Thebas
515 2374 577 2416 esse
595 2355 677 2413 nitio·
726 2344 864 2429 Π,12Ὂ;
896 2347 975 2436 α’ντβρ
1000 2356 1117 2420 ἐκείνου
1134 2363 1183 2439 μᾶ
1190 2363 1219 2420 1.

182 2460 241 2500 renr
270 2443 372 2501 tectum
410 2440 476 2500 lirno
515 2441 675 2499 inundantis
726 2442 796 2501 λον
824 2435 904 2516 ἒοδν,
935 2442 966 2500 id
991 2443 1104 2504 differre
1126 2445 1218 2506 credo.

181 2525 315 2604 deinceps
329 2525 400 2598 Niti;
427 2525 592 2584 architectos
612 2544 676 2584 vero
725 2523 924 2586 Valckenarius
934 2533 1028 2586 nostro
1042 2529 1070 2585 in
1082 2528 1142 2588 loco
1152 2550 1220 2589 con·

176 2609 367 2690 Aegyptiosid
374 2612 502 2670 studiose
513 2610 676 2670 observasse
725 2610 843 2670 iecerat:
865 2604 887 2689 ἥ
894 2613 975 2675 διον
990 2606 1016 2674 δ’
1029 2611 1150 2676 ἰδέσθαι
1166 2607 1218 2678 ον’-

177 2713 296 2774 ecmque
317 2697 355 2756 ob
373 2715 500 2770 censum,
521 2715 579 2773 quo
593 2693 674 2754 dein·
727 2690 779 2757 δὲν
793 2687 903 2758 τούτου
918 2701 1041 2777 μᾶλλον.

176 2801 243 2862 ceps
263 2781 349 2841 etiam
367 2787 497 2843 caverent
511 2780 676 2842 aedificiisa
768 2776 837 2859 η’δὲ
849 2778 1037 2865 Βούβαστις,
1060 2777 1136 2844 uoci
1155 2781 1219 2846 ‘Et-

175 2866 370 2940 resumens,
382 2887 478 2926 eornm
491 2866 675 2925 fundamenta
725 2858 803 2927 λδδα
817 2871 970 2946 γλῶσσαν,
990 2868 1052 2932 ἐστὶ
1065 2865 1217 2950 Ἄρτεμις]

174 2952 307 3030 posuisse
320 2951 350 3007 in
364 2951 504 3027 suggestis
516 2951 674 3009 durioribus
725 2950 789 3011 Vid.
802 2953 941 3014 Herodot.
962 2954 1003 3029 11,
1019 2955 1060 3019 56
1081 2961 1109 3013 et
1123 2958 1219 3015 confer

175 3043 243 3095 unte
271 3034 425 3094 institutum
451 3053 522 3114 opus
551 3034 675 3095 consirlto
724 3036 863 3096 lcblonsk.
883 3038 983 3098 Panth.
999 3037 1089 3115 Aegg.
1109 3038 1166 3113 ΙΙΙ,
1187 3041 1219 3103 3.

178 3119 343 3179 coniectis.“
366 3118 415 3178 Cr.
724 3139 799 3180 voce.
816 3122 906 3200 Aegg.
930 3145 959 3203 p.
972 3121 1013 3187 68
1029 3142 1087 3199 seq.
1117 3122 1218 3182 Crenz.

221 3200 275 3266 stoi
287 3200 395 3285 iniquos
407 3201 678 3286 τασσομένον]’
724 3207 847 3283 Symbol.
861 3209 887 3266 ll
900 3229 931 3288 p.
946 3211 1006 3272 168
1018 3227 1097 3284 seqq.
1118 3205 1168 3281 lv,
1178 3211 1218 3273 11

178 3289 247 3350 Non
269 3307 340 3369 opus
367 3291 560 3351 emendatione
578 3309 672 3354 παο-
724 3312 783 3370 seq.
822 3292 892 3352 Erat
914 3300 1006 3352 autern
1020 3291 1150 3350 Bubastis
1163 3311 1216 3350 nu-

177 3371 374 3455 οομένον;
401 3395 467 3436 num
485 3369 613 3439 ιτᾶοσιιν
634 3378 673 3436 de
723 3395 787 3436 men
808 3377 903 3437 Ιαιιιοτ
916 3397 1000 3437 novoe
1018 3375 1060 3436 cel
1078 3369 1216 3436 νιοοιτοι-

176 3461 307 3539 inspersis
333 3460 429 3538 utique
457 3461 621 3535 adhibetur3
642 3463 671 3520 in
721 3465 774 3535 tis,
796 3463 857 3522 Deo
874 3463 965 3522 lason.
1013 3462 1078 3533 Quo
1097 3461 1142 3522 vel
1164 3481 1217 3522 no·

175 3547 291 3605 urbibus
305 3546 390 3604 nitius
407 3545 510 3606 eductis
521 3546 610 3606 nullus
622 3566 671 3607 ve·
721 3566 787 3607 men
808 3549 907 3624 ducit,
936 3548 1037 3626 quod,
1068 3548 1218 3626 interprete

177 3650 209 3689 ro
229 3631 288 3692 eins
310 3651 386 3690 usus.
431 3633 517 3700 Quod
533 3632 579 3691 alii
601 3631 671 3692 uffe-
721 3631 904 3708 Inblonskio,
928 3632 948 3694 Ι.
975 3632 994 3691 l.
1021 3631 1114 3693 vetet:
1149 3651 1217 3710 quac

177 3723 241 3776 runt
252 3713 432 3799 γινομένων,
441 3717 671 3797 interpretnmcn-
722 3719 824 3777 uultum
846 3719 934 3778 nudet
955 3717 998 3777 vei
1017 3720 1129 3794 tetegit,
1151 3723 1215 3776 uui:

176 3806 235 3860 tum
251 3804 360 3862 videtin
380 3801 503 3862 iectionis
521 3803 669 3879 genuinae.
714 3802 1214 3882 sociemmuitrplicooqquodntmm-

175 3885 209 3945 In
224 3886 334 3966 reliquis
354 3887 509 3965 Schweigh.
528 3891 558 3946 ct
579 3887 670 3946 Geisf.
720 3907 775 3963 que
798 3891 834 3949 de
853 3888 935 3948 Ιαιιιιι
961 3888 1108 3948 benedici
1130 3905 1215 3964 posse

175 3979 283 4032 secutus
297 3993 368 4032 sum.
411 3973 456 4034 De
471 3973 540 4032 urbe
552 3969 672 4031 Bubusti
720 3991 800 4030 nemo
825 3993 882 4032 non
913 3974 997 4032 videt.
1039 3971 1214 4030 Herodotum

175 4057 230 4115 vid.
245 4058 284 4115 nd
296 4056 338 4131 11,
352 4060 393 4121 60
407 4063 479 4120 nott
719 4063 811 4114 nutem
824 4059 892 4117 sutis
904 4065 982 4136 potet
993 4057 1144 4131 quaesatio
1153 4074 1230 4126 mo-,

216 4139 319 4225 ήδονη
325 4138 357 4203 δέ
369 4138 491 4204 ἰδέσθαι
500 4134 591 4205 ον’δέν
600 4130 669 4202 τοτ’-
718 4142 808 4214 verit,
843 4149 873 4200 ut
904 4141 1038 4200 Bubastia
1065 4137 1215 4216 explicaret

173 4248 229 4288 τον
238 4227 361 4307 μᾶλλον]
370 4223 471 4311 ἡδονῇ
486 4235 516 4288 et
527 4226 588 4286 libri
601 4226 670 4285 scri·
718 4224 845 4286 Dianam.
887 4225 989 4302 Neque
1015 4223 1068 4282 hoc
1090 4229 1215 4302 praeter·

173 4311 216 4391 pti
234 4319 265 4373 et
288 4317 414 4372 venue
437 4312 505 4371 edd.
531 4312 668 4384 offerunt3
717 4312 897 4385 mittendum,
913 4308 1063 4381 Bubastin‚
1077 4327 1149 4384 quse
1163 4307 1213 4366 lsi.

172 4397 251 4476 qnod
270 4395 337 4458 olim
357 4395 464 4479 plnnrit
483 4395 669 4473 Wesseiingio
718 4396 761 4456 dis
784 4396 841 4456 filia
865 4394 948 4472 vulgo
970 4393 1156 4539 pephpbemr,
1185 4397 1215 4452 et
