3008 5172
497 441 817 506 EUTEBPE.
859 445 894 507 11.
1100 449 1165 516 029

4 591 38 660 fn
202 607 247 677 τοὶ
270 605 391 696 ιιοήνειι
407 605 541 678 ποιέειν.
585 599 680 677 οὗτοι
704 609 766 697 μέν
795 635 861 684 νυν
887 613 1026 680 τοιαῦτα
1054 612 1162 684 issil-

15 716 39 782 ir.
180 739 338 814 tyovrsc.
357 731 487 796 ποιεῦσι
507 726 581 813 ἐμοί
602 751 639 816 γε
661 726 723 797 οὐκ
752 726 882 814 ἀρεστοί.
925 729 1162 818 Alysiaetsosdl

4 847 41 906 dr
205 847 428 936 θρησκεύουσι
448 853 613 934 περισσῶς
633 846 674 918 soi
693 873 728 919 ιε
749 847 833 919 ἄλλοι
853 851 928 938 περὶ
948 848 990 920 roi
1012 849 1079 938 tort,
1102 852 1202 923 unitd

12 961 28 980 ''
207 965 250 1056 δη
269 967 327 1036 sul
347 967 433 1035 crida.

7 1103 34 1152 2
96 1084 161 1158 65
284 1083 405 1157 Ἐοῡοο
433 1086 470 1156 οὲ
498 1089 666 1175 Αἴνοιιιοο
692 1090 841 1178 ioovoos
873 1094 915 1179 vi
943 1088 1073 1180 Arsin,
1112 1088 1155 1162 ον’
1196 1099 1409 1210 lttl'ffitllt:

3 1231 34 1272 ,ε
182 1205 291 1295 turrito
309 1205 481 1296 θηριώδης
498 1208 575 1276 ἐστί.
616 1208 658 1278 sci
682 1209 717 1279 di
743 1209 842 1279 ἐόντα
862 1227 923 1296 σφι
944 1208 1076 1280 ἅπαντα
1095 1211 1152 1298 ioci
1194 1203 1407 1301 ffffiml*

201 1327 412 1416 νενόμισται·
454 1329 510 1396 nal
537 1327 579 1396 ot
606 1328 682 1415 μὲν,
725 1329 900 1416 σύντροφα
921 1327 1051 1398 αὐτοῖσι
1071 1339 1158 1400 τοῖσι

174 1443 429 1535 θᾶνθροὸιιοισι·
451 1447 494 1518 coi
514 1448 567 1531 dl,
589 1447 640 1518 οὔ.
676 1455 744 1518 τῶν
766 1450 802 1520 di
824 1451 948 1518 εἵνεκεν
969 1447 1095 1520 ἀνεῖται
1115 1450 1159 1521 τοὶ

203 1719 369 1807 Αἰγύπτιοι
388 1724 421 1790 dl
447 1720 656 1810 θρησκεύουσι
705 1727 777 1788 male
796 1728 924 1806 posuisse
949 1725 1059 1787 videtur
1080 1725 1200 1788 lornard.

158 1815 312 1893 περισσῶς
331 1833 359 1874 ιι.
381 1835 405 1873 τ.
423 1817 461 1886 l]
486 1815 532 1874 De
553 1815 655 1876 bestia·
707 1814 758 1872 snb
772 1811 1199 1874 cultnbestiarumlatuissecau-

157 1918 221 1958 rum
234 1896 307 1956 cultu
321 1899 398 1976 apud
412 1897 564 1979 Aegyptios
587 1919 655 1958 con-
703 1919 749 1958 sas
770 1896 934 1970 naturales,
962 1897 1062 1974 quibus
1085 1899 1199 1958 investi-

156 1983 267 2044 sulatur
279 1981 398 2042 Diodor.
411 1981 433 2057 l,
447 1987 503 2059 88,
516 1984 652 2044 Plutarols
703 1985 804 2060 gaudis
817 1983 901 2062 prisci
914 1980 1045 2062 Aegyptii
1058 1981 1139 2044 valde
1154 1985 1196 2042 in-

155 2071 195 2129 de
212 2068 249 2127 ls.
263 2074 292 2128 et
304 2069 378 2127 Osir.
396 2071 495 2147 p.379
511 2070 652 2148 seq.,qui-
701 2069 772 2129 tenti
793 2068 895 2127 suerint
916 2066 1057 2146 multaque
1078 2088 1127 2128 eos
1145 2068 1197 2128 lsac

154 2156 212 2214 bus
226 2153 291 2211 add.
303 2153 409 2212 Rboer.
424 2155 462 2212 ad
475 2154 605 2234 l’orphyr.
615 2155 652 2215 de
701 2155 731 2213 in
745 2174 775 2214 re
789 2153 908 2226 vidisse,
931 2171 1005 2230 quae
1019 2171 1071 2211 nos
1083 2152 1198 2214 lateant.

152 2239 260 2299 abstin.
281 2237 334 2314 lll,
356 2242 398 2304 16
425 2259 455 2318 p.
470 2244 542 2306 250.
570 2241 652 2316 1V,n
702 2239 764 2300 Nec
788 2237 991 2317 praetereunda
1011 2239 1197 2300 astronomica

152 2343 223 2405 pag.
246 2327 319 2390 322.
359 2323 422 2384 Nec
445 2324 591 2384 defuerunt
608 2345 652 2386 re·
701 2325 851 2384 bestiarum
866 2325 936 2382 ratio
949 2322 978 2380 in
994 2323 1137 2399 Zodioco,
1158 2325 1196 2384 de

154 2409 273 2470 centiori
295 2413 400 2484 aetate,
424 2411 473 2487 qui
494 2409 548 2469 bac
566 2411 601 2470 de
622 2430 652 2471 re
702 2429 758 2488 qua
771 2409 888 2468 diximus
903 2409 941 2467 ad
954 2405 995 2480 ll,
1010 2412 1061 2484 67,
1082 2410 1197 2468 coniun-

151 2495 284 2576 pluribus
304 2501 474 2570 quaererent.
524 2495 652 2573 Namque
702 2503 746 2556 cta
761 2495 807 2552 illa
829 2494 940 2571 quidem
959 2512 1021 2552 cum
1041 2495 1195 2573 Aegyptio-

153 2579 213 2640 soln
231 2579 378 2640 utilitatee
394 2581 488 2640 bestiis
505 2581 651 2660 capienda,
700 2601 760 2640 rum
777 2579 962 2656 religionibus.
1005 2578 1088 2638 Plura
1104 2581 1194 2639 Creu·
1265 2584 1269 2591 '

153 2672 202 2724 aut
216 2666 332 2735 timore,
354 2685 409 2742 quo
428 2666 571 2727 hominum
592 2669 651 2726 ani-
701 2686 759 2726 zer.
779 2666 808 2723 in
827 2662 973 2740 symboli
993 2667 1101 2742 pstlid
1113 2683 1193 2743 seqq.

154 2769 215 2810 mos
230 2751 370 2825 afficiunt,
385 2749 587 2831 Aegyptiosad
601 2752 651 2813 be·
700 2751 763 2816 483
786 2769 865 2828 seqq.
892 2749 954 2809 coll.
976 2748 1137 2810 Reinbardt
1163 2751 1193 2808 in

156 2836 270 2894 stiarum
282 2836 383 2894 crdtum
396 2857 460 2896 esse
475 2838 571 2898 ductos
583 2857 648 2897 cnm
699 2837 766 2896 diss.
780 2855 845 2894 mox
853 2835 994 2894 laudando
1013 2854 1079 2916 pag.
1093 2839 1113 2902 6
1130 2853 1193 2914 sqq.

155 2921 269 2980 minime
296 2922 331 2978 sit
349 2921 499 2996 credibile,
526 2922 579 2982 alia
602 2941 649 2982 se-

156 3005 258 3064 ctanda
277 3011 342 3062 snut
358 3006 448 3082 magis
468 3007 649 3066 reconditae
695 2991 702 3004 .
847 3047 896 3107 ca
956 3043 1036 3105 LXV

154 3088 293 3149 subtiliori
319 3093 488 3150 sacerdotum
525 3091 651 3150 doctrina
906 3067 935 3128 μ’
1035 3089 1043 3106 “

155 3192 251 3250 eaque
268 3191 389 3248 congrua
409 3175 489 3236 simul
511 3195 574 3236 cum
603 3195 649 3234 ru·
741 3171 794 3237 suoi
808 3167 845 3236 roi
868 3169 941 3253 μὲν,
962 3164 1118 3253 σύντροφοι
1139 3163 1194 3232 ου’-

154 3260 235 3318 dium
268 3257 408 3316 hominnm
433 3260 540 3336 indole,
579 3279 650 3338 quos
699 3265 778 3323 τοῖσι
799 3265 877 3322 τοῖσι
898 3249 1114 3340 οἷνθροίιιοισι]
1136 3259 1155 3314 i.
1168 3277 1195 3316 e.

155 3345 309 3404 etiamnum
329 3362 381 3421 per
400 3341 504 3405 Africae
517 3347 648 3424 regiones
698 3345 771 3405 oliae
785 3344 919 3420 (bestiae)
928 3362 986 3402 cum
1000 3345 1067 3421 ipris
1080 3341 1194 3402 bomim'-

155 3429 249 3488 bestiis
258 3428 367 3488 divinos
378 3427 495 3488 bonores
508 3431 649 3511 impertire
683 3432 749 3490 bus
762 3451 816 3490 uno
832 3429 912 3488 droul
925 3431 1029 3487 vicunt.
1072 3429 1136 3488 Vid.
1157 3427 1193 3503 ll,

154 3515 292 3573 norimus.
335 3511 399 3572 Nec
418 3514 514 3572 mirum
532 3516 584 3576 hoc
605 3516 648 3576 vi·
697 3519 754 3582 86:
775 3515 969 3596 Αἰγυπτίοισι
989 3509 1022 3574 dl
1040 3510 1121 3596 ὁμοῦ
1133 3519 1193 3595 θη·

154 3599 216 3660 deri
229 3599 314 3659 debet
326 3601 370 3672 ei,
383 3599 433 3677 qui
450 3600 536 3676 ipsam
551 3601 649 3660 bruna-
698 3597 827 3686 ρίοισιῆ
842 3594 942 3663 dinosci
957 3597 1028 3662 ἔστι.

155 3703 221 3743 nam
242 3691 370 3742 namnam
394 3683 569 3762 omniumque
588 3687 648 3746 ani-

155 3768 266 3828 malium
281 3769 366 3828 vitam
387 3769 540 3828 accuratius
560 3773 649 3830 eonsi-
740 3773 803 3831 τοῖν
821 3766 854 3832 dl
884 3769 998 3833 εἵνεκεν
1016 3761 1132 3832 οἷνεῖτοιι
1152 3763 1193 3828 nd

156 3854 294 3914 deraserit
317 3855 401 3932 inque
432 3855 530 3914 bestiis
560 3858 647 3935 magis
700 3851 771 3938 tort]
797 3855 933 3916 Articulus
962 3850 998 3917 roi
1029 3857 1089 3914 sinc
1110 3871 1193 3914 causa

155 3939 229 3998 adeo
251 3957 333 4017 quarn
353 3939 383 3998 in
403 3939 559 4000 bominibus
574 3963 649 4002 com·
699 3941 841 4018 negotium
855 3942 994 4002 facessivit
1013 3941 1077 3998 viris
1095 3939 1194 3998 doctis.

156 4043 267 4083 munem
281 4031 395 4084 naturae
413 4025 468 4084 vim
481 4045 522 4084 ‚ac
538 4027 649 4088 vitalem
698 4025 753 4084 Est
772 4026 845 4085 enim
865 4025 918 4086 loci
937 4044 1048 4086 sensus:
1078 4041 1126 4080 οιιε
1147 4041 1194 4082 coe

157 4110 238 4185 quasi
255 4109 388 4169 rationem
405 4114 535 4187 cognosci
563 4131 650 4190 posse
699 4109 799 4169 bestiae
822 4110 915 4186 (quae
927 4131 966 4169 sc.
979 4127 1074 4169 morae
1087 4106 1192 4166 baben·

155 4211 318 4272 persuasum
333 4194 470 4254 habuerit.
512 4197 650 4256 Conferas
701 4201 764 4267 tur,
783 4202 815 4254 nt
828 4193 899 4272 dixi)
914 4191 1193 4253 diiscomecrotolru·

153 4278 258 4338 Bauer.
278 4279 391 4356 symbol.
416 4287 446 4340 et
465 4280 617 4359 mytholog.
637 4279 651 4339 l
701 4280 941 4356 &autumnisque
953 4277 1085 4338 colantur.
1097 4269 1193 4338 Ἀνεῖ-

152 4383 185 4443 p·
201 4366 264 4428 174
274 4384 334 4441 seq.
354 4365 476 4425 Haeren.
499 4363 584 4427 ldeen
597 4371 650 4427 etc.
702 4371 779 4427 σθαι
792 4362 838 4422 hic
850 4370 909 4424 est:
931 4366 1126 4435 consecutum,
1146 4359 1193 4419 de·

153 4447 233 4526 ll,2
252 4468 283 4529 p·
294 4448 357 4516 184
370 4469 450 4528 seqq·
471 4450 653 4522 Qsmsahaud
701 4449 820 4509 dicatus
832 4465 894 4507 ειιι.
916 4445 1197 4521 eom.11,165no.
