3048 5218
673 403 676 408 ’
741 422 1098 486 unaonorr

426 592 550 674 θάυμα
577 588 700 674 μυρίον
725 587 908 676 ταρίγοντο
935 588 969 670 ἐξ
993 585 1097 677 αὐλῆς
1119 575 1152 658 τε
1171 588 1205 669 ἐς
1226 589 1268 657 τά
1288 589 1397 676 einr}-

428 733 515 796 ματα
537 708 712 790 διεξιοῦσι,
748 709 804 776 καί
826 707 862 776 ίκ
882 713 951 776 τάν
977 709 1164 797 οἰκημάτων
1192 707 1228 789 ἐς
1253 709 1395 777 καστά-

428 830 508 908 άας,
535 825 703 914 ίςστὲγας
721 851 757 895 τε
779 825 879 908 άλλας
900 828 936 896 ἐκ
958 833 1026 896 τάν
1048 823 1241 911 παστάδων,
1269 830 1331 896 καὶ
1355 829 1395 908 ἐς

406 944 535 1027 ireniside
551 945 652 1026 ἄλλος
672 946 709 1015 ἐκ
730 953 798 1015 τοῖν
819 947 1015 1035 οἰκημάτων.
1054 944 1164 1036 ὀροφὴ
1189 950 1225 1016 di
1245 947 1443 1016 τάντωνίο

425 1065 572 1148 τοάτων,
599 1068 732 1156 λιθίνη,
760 1066 904 1152 κατάπερ
927 1069 960 1136 oi
982 1075 1101 1153 τοῖχοι·
1145 1069 1180 1136 oi
1207 1068 1244 1136 di
1263 1075 1393 1153 τοῖχοι,

425 1185 540 1256 τείνων
568 1185 838 1275 ἐγγεγλυμμένων
863 1187 965 1255 πλέοι
996 1185 1080 1274 odivi
1102 1186 1137 1255 di
1159 1185 1300 1274 ἑκάστη,
1325 1211 1391 1256 τε·

427 1309 598 1391 ρίστυλος,
636 1307 737 1374 λίθον
765 1311 889 1374 λευκοῦ
922 1304 1133 1394 άρμοσμίνου
1159 1306 1200 1373 τά
1229 1305 1384 1392 μάλιστα.

405 1432 487 1515 urps
508 1425 543 1494 rt
562 1427 683 1513 γωνίης
710 1429 924 1505 τελευτῶντος
949 1431 1013 1494 τοῦ
1040 1427 1253 1512 λαβυρίνθου
1276 1426 1377 1512 ἔχεται
1417 1437 1481 1494 177

425 1545 570 1634 πυραμίς
589 1547 956 1632 τεσσερακοντόργυιος,
979 1545 1016 1614 ίν
1036 1552 1077 1635 τῇ
1099 1551 1165 1629 ζῶα
1186 1544 1314 1632 μεγάλα
1326 1544 1420 1630 ὲγ-λσ

426 1667 619 1757 γίγλντται·
642 1664 721 1750 ὁδὸς
741 1663 773 1736 d'
795 1666 829 1748 ἐς
850 1664 956 1754 αὐτὴν
975 1664 1042 1735 ὑπὸ
1061 1671 1126 1754 γῆν
1145 1670 1336 1754 πεποίηται.

383 1963 618 2045 praepositionem
644 1958 696 2026 άιά
723 1963 753 2023 in
772 1963 878 2024 verbis:
927 1981 964 2023 rae
991 1982 1075 2022 eausa
1106 1965 1192 2024 verba
1228 1966 1285 2044 τῆς
1313 1963 1438 2044 γωνίης

384 2045 511 2112 desieris
526 2040 642 2111 αάλίων
660 2050 736 2110 idern
751 2051 877 2128 exponit:
928 2047 1181 2125 Schweighaeuseri
1238 2052 1435 2128 suspicionem

378 2140 504 2216 psopter,
528 2140 642 2213 praeter.
692 2134 806 2212 inquo
833 2153 879 2194 me
927 2153 1040 2194 morere
1062 2135 1198 2194 videntur.
1241 2135 1290 2195 Tu
1310 2136 1434 2208 00an

383 2221 497 2298 quidem
512 2220 588 2278 band
609 2221 808 2280 assentientem
827 2220 880 2278 ba·
928 2219 978 2284 61.
1025 2219 1115 2295 Atque
1136 2227 1230 2279 auctor
1249 2227 1294 2280 est
1322 2221 1433 2278 strabo

383 2305 432 2366 bet
449 2308 491 2364 vir
505 2305 691 2366 doctissimus.
929 2304 1027 2378 (xvir
1043 2325 1071 2381 p.
1085 2307 1144 2367 811
1155 2306 1203 2379 ,C
1224 2326 1247 2365 s.
1262 2307 1365 2377 1165,
1383 2307 1431 2378 C)

929 2389 958 2447 in
980 2390 1151 2449 extremitate
1180 2389 1327 2468 labyrinthi
1352 2387 1431 2464 (ἐντί

425 2466 526 2556 ὄροφὴ
541 2470 719 2554 -λιθίνη]
748 2472 880 2549 wytteo-
928 2472 1005 2535 τέλει
1026 2477 1080 2551 τῆς
1099 2474 1276 2555 οἰκοδομίας
1290 2467 1428 2552 ταύτης)

383 2560 461 2622 bach.
483 2559 501 2620 1.
521 2559 556 2621 l.:
594 2559 683 2636 „Hoc
704 2560 878 2619 referendum
927 2561 1101 2640 pyramidem
1125 2581 1186 2621 esse
1207 2561 1327 2640 positam
1352 2579 1427 2634 qua·

383 2647 421 2706 ad
439 2646 593 2724 proximum
619 2638 794 2724 οἰκημάτων
815 2663 879 2702 oon·
928 2645 1104 2720 drangulum,
1119 2647 1271 2704 cuiusiatus
1283 2645 1418 2719 quodque

382 2731 516 2798 τίοοίιιοις
542 2731 610 2789 baec
631 2733 721 2802 eninr,
744 2737 775 2788 ut
789 2729 877 2788 latera
928 2731 1190 2807 quadringentorum
1205 2731 1290 2787 seme
1306 2727 1344 2784 sit
1362 2746 1419 2803 pe-

382 2816 472 2874 einota
493 2813 598 2872 babent
618 2815 787 2892 parietibus,
813 2814 876 2874 τοί·
926 2816 994 2873 dum
1009 2817 1136 2892 cuiusque
1148 2833 1196 2892 par
1210 2813 1337 2870 altitudo.
1357 2811 1421 2870 Ubi

381 2920 457 2980 ηοις,
471 2899 511 2957 ita
525 2917 644 2976 superne
658 2902 735 2958 tecta
750 2906 780 2958 et
793 2916 876 2976 oper·
926 2900 963 2960 ab
977 2901 1120 2960 Herodoto
1130 2899 1273 2969 dissentit,
1293 2899 1342 2975 qui
1363 2898 1422 2956 du·

381 2989 412 3044 ta
431 2989 496 3044 sunt
518 2977 637 3085 άροφηῑ,
658 2983 812 3042 ίωινοωτί.“
832 3013 876 3028 -
925 2991 1024 3044 oentos
1049 2987 1232 3064 quadraginta
1261 2985 1352 3064 pedes
1382 2982 1421 3040 iiii

381 3069 428 3130 Ad
445 3070 545 3130 rerba:
567 3091 671 3130 τνιταν
685 3067 876 3149 ίγγεγλυμμί-
925 3071 1023 3130 tribuit
1034 3073 1186 3150 pyramidi,
1207 3090 1292 3150 quarn
1306 3070 1422 3130 eundem

382 3177 447 3218 νων
460 3153 545 3218 ubios
558 3157 630 3215 cons.
645 3155 685 3230 11,
701 3157 770 3220 136.
925 3155 1012 3214 videri
1025 3159 1121 3214 scribit
1133 3157 1234 3234 loiga
1249 3158 1286 3215 de
1298 3155 1421 3214 obdtscr.

353 3279 356 3286 ⁴
924 3260 953 3319 p.
966 3242 1030 3304 890
1049 3247 1106 3298 not
1121 3241 1185 3316 24,
1207 3263 1280 3320 quae
1302 3262 1319 3300 a
1335 3241 1422 3301 Plinio

426 3317 546 3405 αάλὴάὲ
559 3318 669 3404 ἑκάστη
686 3321 874 3404 περίπολος]
925 3325 952 3384 b.
967 3343 994 3383 n.
1008 3324 1130 3383 XXXVI
1139 3370 1149 3400 ,
1174 3331 1214 3390 12
1230 3345 1424 3386 commanere-

382 3410 446 3468 Vid.
469 3429 554 3489 supra
574 3416 642 3469 nott.
666 3412 803 3470 advoces
823 3403 876 3470 αά·
924 3415 970 3468 tur
990 3411 1018 3466 in
1033 3427 1120 3467 nomo
1134 3411 1288 3472 Arsinoite.
1318 3411 1420 3468 Etiam·

369 3491 433 3556 ,λαί
447 3488 630 3576 κατάστεγοι
673 3493 713 3554 Et
730 3502 827 3554 monet
839 3497 876 3555 de
923 3513 987 3552 num
1017 3503 1131 3554 servata
1158 3496 1205 3555 iilo
1233 3496 1292 3553 looo
1320 3493 1417 3551 dicitur

381 3597 450 3640 νοτε
463 3580 642 3658 περίστυλος
655 3580 728 3639 Gaii.
750 3583 780 3639 in
793 3581 875 3640 mem.
923 3579 992 3638 baec
1021 3581 1159 3657 pyramis,
1194 3580 1323 3638 lateribus
1349 3596 1419 3635 con·

381 3665 419 3724 de
432 3663 537 3722 l‘instit
560 3665 625 3723 vill
642 3685 708 3743 pag.
725 3671 785 3730 162
806 3685 876 3742 seq,
924 3669 1031 3724 semoto
1047 3665 1108 3725 soie
1121 3663 1315 3736 coctis(cs.11,
1329 3664 1419 3738 136),

381 3766 479 3826 quam,
492 3750 539 3807 ubi
553 3743 631 3830 αάλη
645 3751 688 3808 vel
700 3752 808 3810 adiecta
822 3758 875 3824 eat,
926 3751 1113 3828 superioribus
1129 3749 1245 3828 partibus
1265 3765 1343 3834 nune
1360 3749 1420 3806 νεί-

380 3832 426 3892 vel
446 3833 633 3908 inteliigitur,
664 3837 875 3913 interpretatur:
925 3836 964 3894 de
983 3834 1075 3908 laesa,
1097 3840 1247 3893 otrentum
1261 3832 1418 3908 nonaginta

381 3937 490 3994 „oonr,
519 3918 589 3979 dans
610 3919 747 3979 idtendue
769 3922 806 3979 de
834 3920 876 3978 la·
924 3921 1014 3998 pedes
1046 3917 1232 3978 tantummodo
1269 3920 1417 3977 eontinest.

381 4003 473 4080 quelle
485 4003 505 4062 il
521 4023 539 4080 y
553 4022 571 4062 a
585 4006 635 4065 des
646 4005 806 4064 coionnes.“
827 4004 875 4063 ln·
925 4004 990 4062 Vid.
1008 4005 1131 4080 descript.
1145 4003 1183 4062 de
1197 4003 1273 4080 i'Eg.
1289 4023 1355 4082 pag.
1369 4005 1416 4068 λδ.

381 4088 530 4166 teiiigenda
549 4089 634 4166 igitur
657 4089 710 4148 en't
724 4091 802 4163 auia,
823 4110 875 4168 pe·
924 4088 1025 4150 Ritter.
1038 4089 1180 4147 Fsdktmd
1202 4088 1215 4146 1
1239 4109 1270 4168 p.
1285 4092 1347 4154 797
1361 4107 1415 4166 seq.

380 4175 486 4252 ristylio
500 4175 667 4234 oirorrmdata
684 4175 742 4234 sire
758 4175 873 4253 portien.

969 4259 1033 4330 ζάα
1049 4252 1173 4338 μεγάλα]
1197 4259 1275 4333 {niu
1294 4275 1363 4334 qnae
1377 4257 1417 4316 di-

422 4345 478 4422 τῆς
493 4338 528 4404 ot
545 4341 658 4422 γωνίης
678 4375 721 4386 --
741 4340 875 4425 πυραμίς
925 4350 1040 4418 omtor,
1067 4345 1124 4404 vid
1137 4351 1195 4404 not
1209 4345 1246 4404 ad
1258 4343 1300 4416 11,
1314 4343 1343 4406 4.

381 4420 710 4510 τεσσερακοντόργυιος]
731 4428 818 4488 Haud
837 4430 876 4488 si-
