3048 5218
469 487 864 553 aaronem.
1071 491 1136 556 '168

181 655 299 724 οἰοιοῖ
320 654 481 741 εἰπόντες,
503 655 549 738 de
570 653 756 744 ἀνθρώπου
769 657 858 747 ψυχή
872 651 1042 736 ἀθάνατός
1054 653 1133 725 ἔστι·
1143 665 1178 720 75

135 916 286 998 [Sequitur
294 919 447 982 Clementis
456 920 577 982 Romani
593 920 636 980 lo-
684 919 813 1000 perhibet
819 922 874 1001 τῆς
886 909 1179 1000 μετενσωματοὶσεοος

136 1025 189 1063 cus
206 1025 240 1063 ex
253 1005 357 1066 Homil.
372 1009 384 1066 l
400 1005 428 1087 ἓ
436 1009 465 1072 8.
474 1008 503 1072 5-
525 1008 635 1069 Deinde
685 1010 860 1083 auctorem),
896 1007 1059 1085 praesertim
1092 1010 1179 1064 testes

136 1092 179 1148 sic
189 1093 281 1166 pergit
296 1091 343 1150 Cr.
353 1090 373 1171 ε]
394 1093 523 1153 Davisius
543 1100 635 1152 antem
685 1091 775 1150 nultos
795 1093 953 1164 excitantis,
982 1109 1040 1148 non
1064 1093 1107 1150 est
1129 1091 1182 1147 du·

139 1175 180 1234 ad
192 1175 279 1236 Cicer.
294 1173 416 1238 Tusculi.
431 1179 453 1254 Ι,
469 1183 507 1243 16
521 1183 636 1257 postea-
684 1177 772 1236 bium·
811 1175 900 1236 Addit
920 1178 992 1236 enim
1012 1176 1073 1254 ipse
1087 1176 1181 1234 Hero-

141 1279 223 1340 quam
237 1261 393 1324 Pausaniae
412 1263 536 1324 Messen.
553 1285 577 1324 c
592 1267 636 1329 32
686 1264 791 1338 dotus,
825 1267 958 1340 tanquam
993 1261 1181 1320 testimoninm

143 1343 202 1425 [ubi
216 1346 349 1408 Chaldaei
366 1355 396 1409 et
411 1349 473 1409 Indi
487 1351 569 1428 primi
583 1351 636 1408 im-
686 1349 862 1406 sententiae:
913 1389 933 1421 „
942 1391 962 1421 „
971 1347 1035 1406 Hoc
1068 1345 1181 1425 placito,

139 1429 313 1492 mortalitatis
322 1435 477 1494 doctrinam
485 1436 635 1494 tradidisse
685 1441 821 1510 tanquam
834 1452 884 1490 suo
907 1437 937 1491 et
958 1433 1089 1511 proprio,
1119 1432 1182 1508 qui-

139 1516 281 1596 dicuotur]
304 1521 446 1593 excitarit,
472 1521 513 1578 ita
528 1520 636 1600 pergit:
686 1520 751 1577 dam
775 1517 875 1576 Graeci
895 1519 936 1575 usi
956 1526 1042 1589 sunt,
1063 1515 1110 1575 alii
1131 1534 1183 1575 an·

138 1645 160 1677 ,‚
168 1600 346 1680 „Aegyptios
363 1613 455 1665 autem
482 1605 535 1665 hac
553 1605 637 1665 laude
685 1603 806 1680 tiquiore
820 1602 865 1660 atii
877 1603 1030 1661 recentiore
1039 1607 1181 1679 tempore:
1302 1679 1303 1682 Ἴ

141 1691 267 1746 mactant
286 1687 446 1748 Herodotus
464 1690 508 1765 ΙΙ,
525 1693 587 1755 128
604 1694 633 1749 et
687 1706 806 1765 qnorum
816 1707 870 1764 ego
881 1687 1001 1758 nomina,
1014 1705 1182 1763 quamquam

144 1770 635 1856 Clemensdlerandr.V1p.752·‘“‘
685 1775 760 1848 scio,
781 1793 837 1832 non
858 1773 1036 1830 memoro.““
1071 1771 1116 1828 Sit
1128 1771 1183 1848 igi-

144 1852 221 1915 Noio
236 1854 317 1932 plura
330 1877 494 1936 congerere,
505 1880 579 1939 qnae
591 1879 637 1920 ar·
685 1864 731 1918 tur
753 1858 894 1919 Herodoti
911 1857 1005 1936 potior
1024 1856 1181 1930 sententia3

143 1946 250 2014 guant,
272 1942 353 2000 nimis
366 1945 448 2004 arctis
461 1952 490 2006 et
508 1947 636 2024 augustis
685 1951 779 2005 tamen
791 1961 935 2016 cavemus,
960 1959 1000 2002 ‘ne
1011 1941 1073 2022 plur
1090 1941 1116 2000 ei
1133 1942 1183 2000 tri-

143 2025 268 2084 terminis
294 2026 366 2087 hunc
391 2027 527 2090 Herodoti
546 2031 637 2090 lorum
687 2031 822 2103 buamus,
843 2047 926 2106 quam
944 2027 1005 2106 ipse
1023 2026 1120 2084 voluit
1150 2027 1201 2086 Si.

142 2109 276 2170 inclusum
309 2114 417 2172 ariris
444 2115 529 2176 doctis
566 2135 637 2176 esse.
688 2115 756 2192 quid
776 2114 847 2173 enim
869 2113 968 2187 video,
995 2113 1023 2172 in
1045 2130 1183 2188 gramma·

141 2195 298 2256 Planiorem
313 2204 342 2256 et
353 2199 488 2258 veriorem
501 2201 636 2280 interpre-
687 2203 746 2258 tico'
756 2200 985 2278 interpretatione
997 2215 1054 2255 non
1068 2215 1184 2256 necesse

141 2283 273 2340 tationem
290 2284 382 2343 eidem
396 2283 637 2346 anteLarcherum
688 2291 753 2360 est,
781 2289 813 2343 ut
835 2283 879 2343 hic
896 2284 933 2341 sit
956 2302 1069 2355 seusun,
1090 2281 1185 2359 Aegy-

142 2368 316 2445 impertierat
349 2368 579 2447 Wyttenbachius
609 2373 639 2431 in
687 2372 761 2451 ptios
776 2368 956 2446 singuloshas
969 2369 1113 2448 opiniones
1126 2367 1184 2445 pri·

143 2453 261 2530 disput:
297 2453 376 2520 Quae
405 2453 496 2533 suerit
524 2462 639 2515 nmmum
689 2475 765 2516 mum
783 2453 950 2535 protulisse,
979 2454 1029 2512 sed
1042 2452 1184 2512 universas

138 2537 353 2617 philosophorum
373 2544 504 2599 cententio
529 2541 562 2600 de
580 2545 640 2600 cito
690 2543 726 2601 ab
748 2539 801 2599 illis
819 2541 856 2599 ad
874 2538 947 2597 hanc
961 2537 1109 2596 doctrinam
1123 2556 1185 2595 οοιι-

144 2629 170 2682 et
190 2629 266 2681 statu
285 2628 432 2684 animorum
449 2632 511 2703 post
524 2633 640 2700 mortem,
686 2626 824 2706 formatos
837 2644 906 2683 esse:
927 2630 960 2682 ut
971 2622 1041 2682 adeo
1058 2623 1124 2681 illud
1135 2641 1185 2680 vo-

142 2707 294 2769 Amstelod.
311 2711 392 2774 1783
412 2730 440 2788 p.
455 2711 543 2771 XVH.
584 2712 640 2782 Qui
692 2712 774 2771 luerit
787 2711 961 2770 Herodotus:
982 2753 1001 2784 „
1009 2705 1185 2788 „Aegyptios

142 2794 279 2854 Herodoti
297 2795 386 2855 locum
404 2795 505 2857 latine
530 2799 570 2857 sic
595 2817 641 2856 re-
691 2797 795 2876 primor
809 2797 927 2868 dixisse,
948 2795 1084 2869 animam,
1100 2813 1185 2870 quum

142 2882 214 2938 sert:
244 2879 419 2956 „„Foeruot
441 2901 540 2962 quopce
556 2885 641 2960 prinu
691 2883 726 2941 sit
742 2881 921 2954 immortalis,
942 2882 970 2938 in
986 2881 1039 2940 alia
1054 2881 1185 2957 deinceps

141 2966 289 3042 Aegyptii,
312 2969 358 3044 qui
372 2966 501 3040 moerent,
522 2971 641 3026 coimmo
690 2987 808 3046 corpora
822 2967 994 3042 immigrare,
1024 2971 1108 3042 atque
1132 2965 1187 3022 ite·

143 3051 258 3108 dominis
285 3069 340 3108 esse
363 3051 553 3126 immortalem,
578 3057 640 3130 post
689 3071 750 3111 rum
765 3053 795 3111 iu
808 3052 956 3111 humanum
968 3067 1068 3128 corpus
1079 3049 1185 3122 redire;

143 3138 262 3212 corporis
282 3153 343 3192 uero
363 3137 500 3193 interitum
515 3141 544 3195 io
564 3137 641 3197 aliod
691 3145 720 3198 et
734 3137 807 3196 hunc
822 3137 963 3196 circuitum
979 3133 1085 3192 absolvi
1103 3134 1186 3191 trium

143 3219 266 3298 deinceps
289 3237 400 3278 nascens
423 3221 527 3280 animal
552 3225 640 3282 immi-
690 3222 804 3282 millium
821 3239 954 3280 annorum
976 3217 1068 3298 spatio
1077 3219 1106 3290 ,“
1116 3218 1135 3249 ‘⁴
1156 3220 1186 3275 et

144 3323 240 3382 genre:
265 3323 374 3383 cumque
396 3325 443 3383 per
459 3309 546 3366 mnm'o
561 3314 642 3368 terre-
692 3311 747 3368 sint
765 3307 897 3385 Aegyptii
915 3324 972 3364 nou
993 3309 1051 3362 tam
1074 3303 1188 3361 Immor-

143 3393 232 3465 νοτία,
246 3394 350 3449 muno
363 3397 388 3449 et
401 3391 520 3451 adoaia
535 3397 641 3453 animm
692 3393 831 3467 talitatis,
862 3410 945 3469 quam
963 3385 1188 3466 Metempsycho-

144 3475 184 3535 lio
205 3479 346 3535 circuitum
364 3476 491 3556 seo‘sset,
513 3497 571 3538 eam
589 3484 641 3539 ite·
694 3498 756 3538 scos
775 3479 933 3537 auctores.“
965 3476 1045 3535 Haec
1058 3473 1189 3549 wytten-
1296 3541 1299 3556 ¹

144 3579 204 3620 rum
217 3566 365 3620 noscentem
387 3559 511 3642 [secono
531 3565 643 3625 videtur
692 3563 805 3623 bachius
828 3563 968 3643 planeque
990 3560 1027 3618 ad
1050 3559 1108 3619 eirrs
1123 3577 1188 3617 seu·

145 3647 237 3723 wyte
249 3647 396 3707 lectionem
409 3645 581 3729 paropinos,
595 3671 644 3710 or-
693 3651 811 3710 tentiam
828 3654 929 3726 postca
944 3644 1109 3706 Larcherus.
1151 3643 1189 3702 Et

146 3732 190 3790 ius
206 3730 268 3790 loco
291 3751 342 3791 nos
360 3733 502 3811 volgatam
527 3736 642 3794 retinni—
693 3735 755 3812 quis
775 3734 885 3792 dubitet
902 3733 974 3792 hanc
994 3731 1074 3789 unice
1095 3747 1189 3789 reram
1239 3801 1242 3806 ⁴

147 3837 206 3875 mus
221 3809 411 3896 preciosior,
432 3820 508 3878 unde
528 3821 643 3880 sicrer-
692 3819 900 3897 legitimamque
928 3818 1076 3877 verborum
1097 3814 1189 3873 Hero-
1310 3811 1313 3817 '

146 3901 277 3961 tendum:
299 3921 356 3961 eom
371 3905 467 3962 iterum
482 3906 511 3962 io
530 3904 643 3964 dmm'nis
693 3904 839 3963 doteorum
846 3902 1101 3981 interpretationem
1108 3895 1189 3958 esset

146 4005 241 4063 coprus
253 3987 543 4066 nascensimmigrare]
558 3990 642 4047 inio-
693 3988 733 4046 Et
754 4008 842 4062 vero,
868 3988 1012 4047 Hecataeo
1032 3991 1061 4045 et
1078 3984 1188 4042 Arista-

146 4074 227 4130 rninis
242 4093 336 4151 corpus
348 4077 515 4148 immigrare:
537 4079 563 4131 et
574 4074 643 4132 donc
695 4092 765 4149 gora
783 4090 817 4131 ac
834 4071 1005 4132 Manethone
1020 4069 1190 4141 auctoribus,

148 4156 184 4214 cb
199 4177 230 4216 ea
242 4161 486 4236 circuitumcoofici
493 4163 574 4217 trium
581 4159 644 4216 mil·
694 4158 749 4216 alio
758 4157 819 4216 loco
827 4158 879 4216 hoc
890 4159 950 4236 ipse
963 4155 1108 4214 confirmat
1119 4151 1190 4210 Dio-

147 4241 217 4300 tium
232 4262 359 4300 maurum
372 4246 516 4321 spotr'o.““
552 4244 645 4304 Hero·
695 4263 782 4320 genes
799 4241 926 4302 latrum
944 4239 974 4315 l,
995 4242 1049 4304 11:
1077 4231 1134 4316 τήν
1156 4233 1190 4298 di

148 4327 210 4386 doti
228 4329 418 4387 auctoritatem
434 4331 645 4408 praeferendam
694 4331 758 4389 τοῖν
789 4325 967 4410 Αἰγυπτίων
1002 4322 1190 4401 φιλοσοφίαν

149 4431 211 4471 esse
231 4412 392 4471 auctoritati
403 4413 540 4491 Diogenis
554 4413 645 4489 (vlu,
697 4407 776 4474 εἶναι
792 4403 938 4488 τοιαύτην
948 4441 991 4454 -
1005 4441 1049 4453 -
1064 4403 1190 4487 adspu-

151 4495 247 4574 14qui
257 4497 444 4576 Pythagoram
459 4501 579 4579 primum
592 4499 646 4558 dici
696 4493 753 4578 χήν
774 4493 827 4559 καὶ
846 4492 1048 4576 ἐπιδιαμένειν
1065 4489 1116 4555 aot
1140 4513 1189 4574 με·
