3008 5172
394 450 458 515 652
706 446 1060 512 HERODOTI

393 611 490 699 κέρεα
511 613 692 702 φορέουσι,
729 614 901 703 πεφυκότα
929 615 961 696 ἐξ
988 612 1091 704 ἄκρης
1114 619 1171 702 τῆς
1192 619 1348 700 κεφαλῆς.

372 731 476 815 tronis
494 733 661 804 θάπτουσι
690 731 922 816 ἀποθανόντας
946 733 983 804 ἐν
1008 739 1055 822 τῷ
1084 736 1147 826 ἱρῷ
1167 737 1230 802 τοῦ
1249 733 1348 812 Διός·

392 851 515 923 τούτου
557 850 621 943 γάρ
664 871 768 942 σφεας
802 861 864 924 τοῦ
897 861 982 924 θεοῦ
1016 855 1098 942 φατὶ
1126 849 1215 922 εἶναι
1243 853 1353 939 ῑροῦς.

299 978 351 1052 Ί5
386 971 478 1041 Ἐστι
500 973 535 1043 δὲ
556 979 664 1062 κῦρος
683 980 742 1062 τῆς
765 970 935 1064 Ἀραβίης,
970 974 1054 1043 uoci
1075 979 1230 1042 Βουτοῦν
1251 972 1356 1042 πόλιν
1365 986 1404 1039 10

142 1076 355 1185 ssffllm'ssli
396 1088 537 1179 μάλιστά
558 1119 600 1183 νη
620 1097 785 1182 κείμενος·
829 1096 884 1164 sol
905 1093 939 1175 ἐς
965 1101 1065 1164 τοῦτο
1086 1093 1125 1162 τὸ
1148 1095 1272 1181 χωρίον
1291 1085 1352 1182 ἦλ-

142 1181 245 1225 τοΙιιωτ
269 1181 352 1226 mutiat

141 1230 353 1332 :pprppuffi
392 1218 474 1294 θον,
516 1214 770 1303 πυνθανόμενος
803 1215 880 1301 περὶ
911 1219 981 1284 τῦν
1015 1217 1192 1300 πτερωτῶν
1229 1209 1349 1300 ὀφίων.

142 1341 201 1380 ⁸⁸2
372 1326 598 1418 τῦκυτόμενορ
626 1334 679 1420 ll,
721 1333 812 1404 εἶδον
840 1332 939 1404 ὀστέα
967 1334 1075 1423 ὀφίων
1101 1333 1158 1404 ναὶ
1185 1330 1345 1414 ἀκάνθας,

351 1649 445 1726 signes
481 1647 625 1728 conspici,
654 1649 774 1710 intellexi
807 1669 844 1712 ex
892 1671 960 1712 rem.
1002 1649 1085 1711 Nunc
1103 1650 1164 1710 eins
1182 1649 1211 1710 in
1231 1646 1293 1708 loco
1309 1646 1389 1706 inve·

349 1733 479 1794 ltl'rnntoli
504 1735 590 1795 Reise
605 1740 660 1794 etc
688 1755 753 1815 pag·
768 1739 841 1802 887.
892 1739 967 1797 nitur
978 1737 1053 1796 viora
1075 1733 1241 1795 El-Bueib.
1283 1733 1394 1792 Canta

349 1819 413 1880 Nec
433 1825 527 1880 tamen
549 1839 636 1897 genus
655 1828 703 1879 ant
723 1821 843 1900 speciem
894 1821 1098 1882 Schlichthorst.
1115 1820 1134 1880 l.
1149 1821 1168 1880 l.
1186 1839 1254 1902 pag.
1267 1821 1321 1885 83·
1337 1817 1392 1885 84.

350 1905 486 1966 bestiolae
500 1907 652 1965 accuratius
664 1906 770 1964 definiri
777 1927 844 1987 pos-
937 1907 1006 1989 περὶ
1021 1909 1081 1968 τοῖν
1093 1909 1256 1990 πτερυτῦν
1273 1897 1389 1983 ὀφίων]

350 2010 399 2066 se,
427 1993 567 2069 persuasit
589 1991 656 2050 mihi
678 1991 841 2063 Reinlrarclt
892 1994 1042 2073 Serpentes
1068 1991 1156 2052 alatos
1194 1989 1239 2050 alii
1276 2008 1394 2068 qnoque

349 2075 400 2134 l.l.
414 2094 481 2178 pag.
491 2077 542 2141 30.
556 2109 598 2120 -
619 2076 664 2135 Ad
674 2075 842 2138 locutionem
893 2080 1041 2158 scriptores
1069 2082 1211 2137 noverunt.
1261 2075 1312 2134 Tu
1334 2075 1391 2133 vid.

349 2165 483 2242 pryctte's'
496 2159 618 2242 σμικροί
630 2163 702 2222 cons.
723 2162 754 2237 Ι,
769 2163 820 2228 51.
892 2165 1013 2224 Pansan.
1025 2163 1077 2237 lx,
1088 2168 1127 2229 21
1142 2167 1171 2222 et
1184 2159 1295 2220 Aelian.
1303 2160 1343 2220 N.
1354 2159 1391 2219 Α.

389 2241 462 2320 τοῦς
483 2241 637 2309 θάπτουσι
669 2240 842 2310 ἄποθυνὸν·
891 2249 933 2324 Il,
947 2250 1007 2324 38,
1027 2247 1075 2307 ubi
1088 2246 1273 2307 Schneidenrr
1293 2251 1391 2305 monet
1432 2317 1439 2328 ·

346 2336 419 2405 τας]
442 2331 534 2408 Vulgo
552 2332 622 2392 haec
642 2333 752 2392 inverso
766 2334 842 2392 ordi·
892 2355 956 2396 essc
984 2334 1098 2392 ὶοτττΐον
1124 2332 1263 2406 υοῑοηίετ,
1292 2331 1392 2390 droco-

347 2409 841 2490 οειτοῦςᾶττοθονὸντοςθῦπτου-
890 2439 935 2480 ου
956 2421 1073 2479 omo
1093 2415 1179 2478 Linn.
1228 2419 1294 2476 Huc
1316 2435 1391 2495 qno-

347 2517 387 2564 οτ.
429 2503 503 2561 Satis
523 2509 615 2564 autem
636 2509 762 2580 constat,
783 2522 840 2563 non
891 2525 946 2585 que
958 2509 1079 2566 referunt
1090 2501 1172 2564 lesai.
1186 2503 1279 2576 XXX,
1294 2506 1324 2576 6,
1338 2501 1386 2558 ubl

347 2587 436 2648 solum
448 2587 476 2645 in
491 2588 840 2668 anaglyphisAegyptiacis
890 2591 986 2670 mopl
1005 2590 1099 2649 volone
1122 2594 1301 2659 memoratur,
1323 2591 1384 2659 ant,

344 2671 459 2750 reperiri
486 2681 629 2752 serpentes
648 2680 841 2754 repraesenta·
891 2683 921 2737 nt
934 2678 963 2735 in
985 2676 1120 2754 septuag.
1137 2674 1251 2752 legitur:
1272 2669 1383 2751 ἔκγονοι

345 2763 406 2840 tos,
421 2777 515 2817 vemm
528 2761 612 2818 etiam
626 2759 688 2838 ipsa
704 2761 840 2819 cadavera
891 2755 1220 2838 ἆσττίδωνττετομὲνων.
1255 2755 1382 2815 Aliaria-

344 2841 481 2902 rnedicntn
498 2844 528 2901 in
550 2843 703 2924 hypogaeis
726 2850 755 2904 et
780 2865 841 2921 cry·
890 2847 931 2907 bit
941 2847 1071 2905 Bochart.
1086 2845 1239 2906 Hierozoic.
1251 2841 1277 2900 ll
1291 2841 1384 2916 liba,

344 2927 401 3009 ptis
427 2927 522 3004 (conf.
544 2949 617 3007 quae
639 2948 723 3008 supra
742 2929 839 2988 landa·
892 2937 933 2997 12
947 2950 1015 3010 pag.
1030 2931 1102 2997 428.
1124 2931 1154 2990 ln
1170 2929 1309 2990 Herodoti
1321 2925 1384 2985 loco

343 3014 432 3073 vimus
445 3014 483 3073 ad
499 3014 540 3090 ll,
553 3016 610 3093 67)
625 3022 741 3076 exstare
889 3017 988 3091 Mint,
1017 3015 1114 3075 Gallus
1141 3015 1213 3076 alter
1239 3017 1384 3092 interpres,

386 3093 495 3163 τοῦτον
509 3093 566 3182 γάρ
583 3133 626 3146 -
641 3095 720 3162 εἶναι
741 3094 839 3180 ἱρούς]
888 3101 1006 3180 intelligi
1027 3101 1085 3160 vul
1108 3101 1232 3180 gryllum
1255 3103 1382 3177 migrato-

344 3185 467 3265 Serpens
483 3187 620 3246 veteribus
639 3181 850 3270 Aegyptiis'ut.
888 3193 975 3262 rium,
1007 3187 1054 3262 qui
1082 3183 1288 3265 Aegyptiorum
1315 3183 1384 3242 nnis

344 3272 458 3330 omnino
471 3271 697 3345 immortalitatis,
712 3273 751 3330 ita
764 3271 836 3331 lovis
886 3279 944 3333 tam
956 3272 1067 3330 nocivus
1079 3271 1124 3330 sic
1152 3273 1198 3332 De
1210 3271 1321 3329 loccuto'r
1330 3270 1383 3344 igi-

342 3357 516 3436 potissimum
529 3357 663 3416 Thebaici
684 3356 836 3434 symbolum
887 3365 933 3418 tnr
948 3356 993 3416 ille
1012 3357 1134 3433 cogitat3
1155 3357 1185 3416 in
1203 3375 1258 3434 qno
1279 3355 1304 3413 ei
1327 3353 1381 3411 ob·

342 3441 491 3518 eidemque
512 3449 701 3502 consecranrm
725 3442 835 3502 animal.
885 3443 1005 3522 loquitur
1039 3441 1182 3502 Latronnc
1209 3444 1235 3498 in
1261 3456 1382 3498 censura

341 3524 449 3584 Iudicat
466 3527 540 3586 enim
563 3547 665 3588 numen
686 3548 717 3588 sc
743 3529 834 3606 ipsum
885 3527 1162 3590 versionisllerodot
1170 3524 1269 3600 (rans
1278 3523 1379 3597 1823)

341 3612 421 3687 quasi
458 3611 584 3672 revelans
616 3634 669 3693 per
697 3619 834 3692 tempora,
884 3633 950 3696 pag.
967 3615 1023 3688 18,
1051 3613 1174 3672 cunthoc
1187 3609 1300 3686 quidem
1318 3627 1381 3668 cer-

340 3700 506 3776 tempnsqne
542 3697 609 3758 inde
635 3703 778 3756 aeternnm
807 3705 837 3758 et
885 3707 945 3759 turn
964 3698 1015 3773 sit,
1036 3699 1155 3757 volantes
1169 3700 1319 3772 serpentes
1332 3713 1381 3755 vc·

341 3799 415 3858 quae
443 3779 498 3840 alia
524 3803 586 3842 cum
612 3783 664 3840 hoc
690 3783 836 3842 coniuncta
885 3791 974 3844 terum
989 3781 1143 3843 minimead
1156 3779 1282 3854 insecta„
1305 3797 1381 3858 quaa

340 3871 416 3924 runc
459 3866 543 3928 Plura
556 3867 694 3925 creuain
709 3866 832 3944 Symbol.
885 3875 1032 3944 vocantur,
1052 3864 1224 3946 pertinuisset

338 3949 432 4032 lpag.
445 3952 509 4018 607
525 3971 604 4030 seqq·
619 3951 683 4018 526
697 3972 756 4031 seq.
929 3946 1081 4026 ἀκάνθας]
1102 3949 1238 4027 Intelligit
1251 3952 1345 4054 spinas
1355 3971 1377 4010 s.

481 4077 562 4155 ⁰⁸⁹·
583 4075 700 4138 cxxv.
888 4035 1378 4202 ttttt‘lillttltll‘sslt

380 4199 458 4268 νατοῗ
470 4207 608 4267 Βουτοῦν
628 4199 737 4286 πόλιν]
760 4205 835 4266 uuo
885 4206 932 4268 Aa
955 4219 1080 4269 nostram
1099 4207 1190 4267 locum
1209 4207 1279 4266 lacit
1296 4204 1377 4266 schol

338 4292 404 4351 urbs
422 4289 475 4349 nlia
489 4288 534 4347 hic
548 4298 591 4351 est
606 4297 690 4368 atque
704 4291 767 4367 illa,
783 4312 833 4350 co·
883 4292 1014 4372 Apollon.
1042 4293 1138 4354 anon
1158 4291 1213 4367 lV,
1238 4293 1314 4358 150:
1341 4285 1377 4351 τῦ

339 4377 384 4435 ius
401 4375 505 4435 mentio
531 4374 578 4450 ll,
604 4378 655 4441 68.
684 4377 735 4444 59.
761 4375 832 4442 155.
884 4381 945 4440 νῦν
965 4371 1070 4459 ὀφέων
1089 4371 1167 4442 ocri
1185 4371 1319 4440 ῦτυνθυτ
1332 4373 1376 4438 ll-

222 4497 227 4508 ·
339 4459 474 4524 Pertinnit
493 4458 701 4545 adAegyptunr
720 4463 834 4524 inferio·
883 4485 974 4548 perot.
