3008 5172
429 471 495 536 642
729 467 1090 530 HERODOTl

429 660 493 705 νον
519 632 741 723 coniunctio
770 631 841 703 ἅνω
869 633 1001 722 γνάθον
1029 629 1196 721 προσάγει
1225 638 1269 722 τῇ
1290 631 1380 702 scc'sos

429 755 493 844 ἔχει
510 757 547 825 δέ
565 753 623 823 καλ
645 752 769 842 ὄνυχας
795 754 994 841 καρτεροὺς,
1035 755 1093 822 καὶ
1121 753 1233 840 δέρμα
1255 757 1416 824 desudo-ld

408 872 507 954 στὰν,
529 871 698 960 δρῤηκτον
720 875 774 944 dccl
794 879 856 944 τοῦ
876 874 995 943 νιότον.
1017 871 1147 964 τυφλὸν
1172 875 1212 944 δὲ
1235 874 1272 944 έν
1283 874 1381 958 ὕδατι,

386 1029 391 1040 ·
429 994 466 1064 έν
481 993 517 1061 δέ
529 997 570 1082 τῇ
585 995 701 1084 αλθρίρ
723 993 1007 1081 ὀξυδερκέστατον.
1035 993 1091 1063 ἅτε
1105 995 1147 1084 δὴ
1166 988 1217 1063 ὦν
1239 994 1274 1063 έν
1293 994 1384 1063 ὕδατι

430 1113 561 1182 δίαιταν
581 1112 799 1199 ποιεύμενον,
827 1111 865 1183 τδ
887 1112 993 1201 στόμα
1015 1115 1157 1184 ἔνδοθεν
1181 1113 1298 1202 φορέει
1316 1120 1378 1183 πᾶν

407 1233 549 1321 Ὶμεστδν
569 1233 742 1323 βδελλέων.
769 1231 811 1302 τὰ
828 1235 889 1323 μέν
911 1233 952 1324 δὴ
973 1235 1055 1306 ἄλλα
1080 1231 1189 1320 ὄρνεα
1209 1235 1267 1306 ααλ
1284 1235 1379 1324 θηρία

387 1603 467 1664 seqq.
511 1583 597 1654 Quod
615 1603 731 1658 moneo,
752 1603 790 1646 nc
810 1581 882 1642 inin-
932 1603 959 1662 p.
984 1581 1022 1648 15
1045 1601 1105 1660 seq.
1129 1583 1195 1643 coll.
1217 1605 1246 1665 p.
1267 1583 1309 1649 14.
1343 1579 1405 1640 Ado

387 1670 429 1730 ria
440 1669 503 1748 quis
512 1670 657 1730 Herodoto
670 1669 881 1729 obtrectandum
932 1669 1067 1746 Gdoffroy
1082 1687 1151 1746 pag.
1159 1672 1234 1736 881.
1249 1669 1404 1731 diedmaro

388 1761 515 1831 censeat,
544 1755 592 1832 qui
618 1775 653 1814 ea
675 1774 732 1814 non
754 1754 880 1813 animod-
930 1773 997 1836 pag.
1012 1755 1054 1818 38
1067 1773 1149 1832 seqq.

387 1841 589 1918 verteritqnac
605 1840 754 1900 doctissimi
768 1846 880 1900 nostrae
973 1833 1086 1916 cccliv
1104 1835 1140 1900 δέ
1163 1837 1198 1902 έν
1220 1833 1321 1914 ὕδατι,
1339 1835 1367 1901 έν
1380 1830 1407 1898 δέ

388 1926 489 1989 senos
506 1930 622 1986 naturae
643 1931 808 1986 scrutatores
833 1926 881 1983 vix
930 1917 1406 2010 τῇαλθρλρόξνδεραέοτατον1Ηοτ

389 2012 521 2088 detegere
536 2015 693 2090 potuerunt.
929 2009 970 2069 ita
983 2009 1212 2087 intelligendum,
1228 2017 1260 2070 ut
1273 2007 1406 2070 crocodilus

430 2088 507 2158 ἄλλα
521 2094 574 2158 καλ
588 2099 676 2158 τοῦτο
689 2097 809 2175 μοῦνον
821 2100 882 2172 θη·
931 2094 959 2152 in
971 2115 1043 2172 aqua
1056 2097 1150 2156 minus
1165 2097 1238 2156 benc
1252 2097 1342 2156 videre
1354 2111 1405 2154 ocu-

388 2179 482 2260 ρλαν]
520 2182 599 2242 Bene
633 2179 703 2240 lsaec
734 2181 881 2239 vindicavit
932 2187 1041 2254 scatur3
1062 2175 1129 2240 nium
1151 2183 1181 2240 in
1201 2185 1267 2242 aire
1287 2181 1407 2260 perspicu-

388 2265 544 2344 Schweiglt.
557 2267 597 2324 sic
613 2265 814 2346 interpretans:
836 2263 882 2323 sod
932 2267 1070 2325 dissimum
1104 2287 1169 2326 csse
1195 2267 1310 2339 anioal,
1347 2267 1406 2322 inter

388 2357 427 2412 cst
444 2355 524 2412 ciac
543 2349 592 2409 lsoc
612 2371 695 2410 ναααι
712 2371 745 2410 τα·
763 2351 882 2410 cmso'bus
930 2371 1028 2411 omnes
1043 2353 1179 2410 convenit.
1211 2352 1275 2411 Vid.
1289 2349 1405 2424 Gdoffroy

387 2436 564 2511 amantibus,
591 2437 661 2514 quod
682 2443 734 2496 etc
777 2435 880 2496 Volue-
929 2456 994 2516 pag.
1007 2439 1079 2502 381.
1107 2436 1292 2498 'liedemanm
1313 2432 1402 2494 lund

388 2521 523 2584 nterim
545 2520 684 2591 Schaescr.
706 2523 743 2580 ad
758 2522 878 2598 (ἓτερον.
928 2541 995 2602 pag.
1009 2527 1058 2588 29.

387 2608 453 2667 Cor.
480 2607 517 2667 dc
544 2606 667 2666 dialcctt.
691 2627 721 2686 p.
740 2609 782 2672 30
804 2599 879 2668 dud
972 2602 1005 2670 οδ
1030 2599 1124 2686 ccicc
1161 2604 1286 2670 ἔνδοθεν
1312 2596 1402 2680 ρορέει

387 2685 500 2755 nurci
526 2693 637 2766 τοῦτο,
677 2713 740 2752 cum
766 2692 878 2752 Bestius
929 2696 994 2754 ττοῖν
1015 2687 1124 2771 cccciv
1143 2687 1299 2774 βδελλέων]
1316 2687 1401 2747 lnl⁰⁶

386 2780 476 2840 τοῦτο
496 2797 548 2857 pro
572 2770 623 2838 dccl
637 2779 725 2839 τοῦτο
749 2775 877 2853 (idcirco)
929 2798 1043 2856 quoque
1069 2778 1133 2838 loco
1161 2778 1268 2840 muttum
1287 2773 1401 2833 sudumst

387 2861 546 2942 accepisset.
598 2863 723 2931 Quorum
751 2869 879 2922 neutnsm
929 2863 979 2922 viri
994 2865 1086 2936 docti,
1108 2865 1140 2923 in
1154 2864 1331 2925 comarimans
1343 2874 1399 2936 prr·

387 2947 477 3008 haheo
494 2967 597 3008 venum.
754 2981 757 2984 ·
929 2955 985 3008 tem
998 2948 1085 3028 lapsi,
1106 2951 1183 3027 quod
1196 2947 1293 3009 bdelln
1315 2937 1401 3001 intelli·

431 3031 489 3113 ἔχει
509 3029 543 3095 δέ
569 3030 621 3095 scol
642 3026 753 3112 ὄνυχας
778 3054 880 3115 soora·
930 3040 1031 3112 gerent
1059 3035 1197 3094 lss'ruds'ucs
1232 3033 1399 3109 sosgm'ttgvs

387 3112 481 3196 ροδς,
511 3115 564 3179 sul
594 3115 687 3198 δέρμα
713 3112 880 3182 λεπιδωτόν
930 3138 1004 3197 quac
1021 3122 1131 3178 omnino
1150 3121 1181 3178 in
1199 3119 1252 3182 Nili
1265 3115 1335 3194 aquis
1346 3105 1400 3169 uul-

387 3199 539 3286 ἄρρηκτον
555 3201 605 3266 lul
625 3206 683 3266 cosi
701 3197 812 3282 ocicov]
835 3209 879 3265 λε-
929 3205 973 3265 lae
992 3205 1180 3282 reperiuntur;
1199 3213 1240 3266 est
1253 3203 1318 3264 euim
1330 3191 1399 3256 inid·

387 3285 520 3354 sssdmslv
542 3289 610 3349 dicit
631 3296 800 3368 squamatum
818 3289 880 3370 pel·
927 3289 1068 3366 ligendum
1080 3309 1231 3350 muscarum
1237 3275 1399 3365 genusqffl‘l

387 3375 458 3448 λαως
486 3372 580 3454 δέρμα
604 3371 755 3455 ἄρρηκτον
774 3374 878 3434 Plinius
928 3375 1074 3454 plurimum
1094 3395 1128 3435 ac
1147 3377 1253 3435 deosum
1268 3371 1293 3426 iu
1308 3380 1399 3424 σθω·

386 3459 462 3518 lssud
475 3458 547 3520 male
561 3460 666 3521 reddit:
688 3465 772 3519 cutem
786 3465 879 3518 contra
929 3460 1013 3520 diluus
1041 3461 1142 3536 irruit,
1172 3463 1284 3539 ipsosque
1307 3449 1397 3507 sfluffl

386 3563 485 3604 οοιααο
511 3547 596 3604 ictum
620 3546 767 3614 νἀοἰαλατις
801 3545 878 3623 qnod
927 3565 984 3604 non
1005 3545 1120 3606 firmiter
1140 3564 1171 3603 ac
1189 3557 1276 3620 presse
1296 3533 1397 3592 dsusas

382 3629 462 3691 *idon
482 3629 540 3690 aliis
565 3629 655 3690 verbis
675 3636 810 3689 testantur
832 3631 878 3689 alii
926 3637 1057 3713 penetrat
1072 3639 1100 3692 et
1112 3629 1251 3690 interiorem
1263 3616 1396 3680 maxillam

386 3719 510 3776 veterum
532 3715 695 3794 scriptores,
723 3715 835 3774 excitati
859 3736 878 3775 a
926 3724 1014 3776 totam
1051 3719 1109 3776 sere
1136 3709 1241 3785 obtegit.
1292 3701 1398 3773 Quibffl

383 3798 524 3864 Bocharlo
566 3799 723 3860 Hierozoic.
757 3799 798 3874 V,
837 3803 877 3865 17
927 3803 1028 3864 muscis
1056 3797 1163 3880 parvulis
1193 3791 1323 3851 insidians
1342 3793 1397 3846 tro·

385 3903 415 3964 p.
434 3904 474 3944 m.
494 3883 567 3951 785.
608 3883 700 3961 Atque
723 3887 821 3945 ecdem
848 3885 877 3945 in
928 3888 1013 3947 chilus
1039 3887 1068 3946 in
1087 3878 1203 3944 crocodili
1227 3879 1318 3938 stum
1335 3888 1397 3950 1²⁶¹·

386 3969 525 4030 crocodilo
547 3967 729 4028 observansnt
740 3970 878 4030 recentio-
928 3980 1018 4047 ment3
1029 3973 1073 4050 qni
1082 3971 1170 4029 fauces
1183 3963 1324 4032 clausmors
1336 3973 1396 4016 00‘·

386 4053 637 4130 resrerissimaque
654 4055 877 4133 comprobarunt.
926 4078 998 4137 pore
1011 4063 1071 4117 note
1084 4059 1156 4114 moto
1173 4051 1224 4111 hoc
1234 4043 1343 4107 nodilo
1356 4041 1397 4138 '1¹13

385 4138 495 4218 „Pollis
509 4137 627 4199 universi
645 4139 769 4220 corporis
782 4159 877 4200 crassa
927 4143 1018 4219 dicat,
1039 4141 1086 4220 qui
1108 4141 1160 4200 iam
1181 4133 1275 4195 avolat
1316 4125 1394 4226 Simil

386 4229 432 4286 cst
450 4229 480 4283 ct
499 4223 603 4300 densa,
625 4225 747 4304 squamis
766 4226 876 4286 obscrta
925 4229 1010 4287 modo
1034 4230 1063 4286 in
1084 4226 1175 4286 indiae
1191 4211 1394 4302 septentrionalis

385 4307 537 4368 durissimis
549 4311 675 4388 adeoque
688 4309 733 4370 vel
746 4329 875 4386 maguam
925 4313 1015 4372 insula
1039 4310 1204 4373 crocodilum
1223 4306 1258 4366 ab
1279 4321 1326 4362 asc
1338 4315 1394 4378 por·

385 4393 422 4454 ab
441 4394 561 4454 externis
586 4393 691 4454 iniuriis
718 4394 874 4456 violentiam
923 4397 987 4457 vola
1021 4398 1133 4458 libcrari
1166 4392 1261 4456 muscis
1288 4385 1390 4447 nami·

386 4475 466 4539 sade
482 4479 598 4540 nuncu
632 4479 792 4541 semones
816 4480 835 4541 1.
855 4483 874 4540 s
924 4482 1035 4552 ouans
1052 4483 1139 4561 ερατ
1158 4479 1309 4541 Ηοοοοεο
1324 4466 1391 4548 quc
1445 4531 1454 4554 ,
