<?xml version="1.0" encoding="UTF-8"?>
<!DOCTYPE html PUBLIC "-//W3C//DTD XHTML 1.0 Transitional//EN"
    "http://www.w3.org/TR/xhtml1/DTD/xhtml1-transitional.dtd">
<html xmlns="http://www.w3.org/1999/xhtml" xml:lang="en" lang="en">
 <head>
  <title>
</title>
<meta http-equiv="Content-Type" content="text/html;charset=utf-8" />
  <meta name='ocr-system' content='tesseract 3.04.00' />
  <meta name='ocr-capabilities' content='ocr_page ocr_carea ocr_par ocr_line ocrx_word'/>
</head>
<body>
  <div class='ocr_page' id='page_1' title='image "./herodotimusae00herogoog_0785.png"; bbox 0 0 3048 5218; ppageno 0'>
   <div class='ocr_carea' id='block_1_1' title="bbox 6 397 1503 656">
    <p class='ocr_par' dir='ltr' id='par_1_1' title="bbox 6 397 1503 656">
     <span class='ocr_line' id='line_1_1' title="bbox 491 397 1158 468; baseline -0.007 -7"><span class='ocrx_word' id='word_1_1' title='bbox 491 397 517 460; x_wconf 84' lang='grc' dir='ltr'>Ε</span> <span class='ocrx_word' id='word_1_2' title='bbox 539 399 568 461; x_wconf 95' lang='lat' dir='ltr'><strong>U</strong></span> <span class='ocrx_word' id='word_1_3' title='bbox 590 399 619 460; x_wconf 83' lang='grc' dir='ltr'>Τ</span> <span class='ocrx_word' id='word_1_4' title='bbox 638 399 664 460; x_wconf 89' lang='grc' dir='ltr'><strong>Ε</strong></span> <span class='ocrx_word' id='word_1_5' title='bbox 685 400 713 462; x_wconf 81' lang='lat' dir='ltr'><strong>R</strong></span> <span class='ocrx_word' id='word_1_6' title='bbox 734 399 758 461; x_wconf 81' lang='grc' dir='ltr'>Ρ</span> <span class='ocrx_word' id='word_1_7' title='bbox 778 399 813 462; x_wconf 86' lang='grc' dir='ltr'><strong>Ε.</strong></span> <span class='ocrx_word' id='word_1_8' title='bbox 852 399 887 461; x_wconf 90' lang='lat' dir='ltr'><strong>ll.</strong></span> <span class='ocrx_word' id='word_1_9' title='bbox 1094 403 1158 468; x_wconf 73' lang='lat' dir='ltr'><strong>m</strong></span> 
     </span>
     <span class='ocr_line' id='line_1_2' title="bbox 6 562 1503 656; baseline -0.008 -16"><span class='ocrx_word' id='word_1_10' title='bbox 6 597 20 625; x_wconf 57' lang='lat'><strong>&#39;-</strong></span> <span class='ocrx_word' id='word_1_11' title='bbox 76 573 183 647; x_wconf 79' lang='lat'><strong>125</strong></span> <span class='ocrx_word' id='word_1_12' title='bbox 202 571 269 636; x_wconf 76' lang='lat' dir='ltr'><strong>ario</strong></span> <span class='ocrx_word' id='word_1_13' title='bbox 303 567 409 634; x_wconf 74' lang='lat' dir='ltr'><strong>stam</strong></span> <span class='ocrx_word' id='word_1_14' title='bbox 436 562 614 653; x_wconf 75' lang='grc' dir='ltr'><strong><em>τριήκοντα</em></strong></span> <span class='ocrx_word' id='word_1_15' title='bbox 641 567 756 636; x_wconf 73' lang='lat' dir='ltr'><strong>andoin</strong></span> <span class='ocrx_word' id='word_1_16' title='bbox 779 565 947 636; x_wconf 64' lang='lat' dir='ltr'><strong>dtoioorov.</strong></span> <span class='ocrx_word' id='word_1_17' title='bbox 996 563 1155 656; x_wconf 68' lang='grc' dir='ltr'><strong><em>Ἑποιὴθη</em></strong></span> <span class='ocrx_word' id='word_1_18' title='bbox 1197 581 1314 642; x_wconf 60' lang='lat' dir='ltr'><strong>arrum-u</strong></span> <span class='ocrx_word' id='word_1_19' title='bbox 1338 597 1406 642; x_wconf 68' lang='lat' dir='ltr'><strong>„n-</strong></span> <span class='ocrx_word' id='word_1_20' title='bbox 1501 563 1503 573; x_wconf 89' lang='lat'>&#39;</span> 
     </span>
    </p>
   </div>
   <div class='ocr_carea' id='block_1_2' title="bbox 1196 641 1405 693">
    <p class='ocr_par' dir='ltr' id='par_1_2' title="bbox 1196 641 1405 693">
     <span class='ocr_line' id='line_1_3' title="bbox 1196 641 1405 693; baseline 0.024 -15"><span class='ocrx_word' id='word_1_21' title='bbox 1196 645 1239 678; x_wconf 78' lang='lat' dir='ltr'><strong>mu</strong></span> <span class='ocrx_word' id='word_1_22' title='bbox 1252 641 1405 693; x_wconf 61' lang='lat' dir='ltr'><strong>cuneatum</strong></span> 
     </span>
    </p>
   </div>
   <div class='ocr_carea' id='block_1_3' title="bbox 28 833 1197 4312">
    <p class='ocr_par' dir='ltr' id='par_1_3' title="bbox 28 833 1197 4312">
     <span class='ocr_line' id='line_1_4' title="bbox 151 833 1197 916; baseline -0.001 -20"><span class='ocrx_word' id='word_1_23' title='bbox 151 833 265 896; x_wconf 83' lang='lat' dir='ltr'><strong>maioris</strong></span> <span class='ocrx_word' id='word_1_24' title='bbox 276 833 354 892; x_wconf 88' lang='lat' dir='ltr'><strong>molis</strong></span> <span class='ocrx_word' id='word_1_25' title='bbox 366 834 523 912; x_wconf 82' lang='lat' dir='ltr'><strong>pyramides</strong></span> <span class='ocrx_word' id='word_1_26' title='bbox 537 835 574 895; x_wconf 90' lang='lat' dir='ltr'><strong>ibi</strong></span> <span class='ocrx_word' id='word_1_27' title='bbox 586 855 654 897; x_wconf 91' lang='lat' dir='ltr'><strong>con·</strong></span> <span class='ocrx_word' id='word_1_28' title='bbox 703 843 803 898; x_wconf 80' lang='lat' dir='ltr'><strong>uatum</strong></span> <span class='ocrx_word' id='word_1_29' title='bbox 829 839 872 894; x_wconf 87' lang='lat' dir='ltr'><strong>est</strong></span> <span class='ocrx_word' id='word_1_30' title='bbox 897 852 930 893; x_wconf 86' lang='lat' dir='ltr'><strong>ac</strong></span> <span class='ocrx_word' id='word_1_31' title='bbox 955 834 1076 916; x_wconf 77' lang='lat' dir='ltr'><strong>lapidis,</strong></span> <span class='ocrx_word' id='word_1_32' title='bbox 1104 855 1197 914; x_wconf 89' lang='lat' dir='ltr'><strong>equo</strong></span> 
     </span>
     <span class='ocr_line' id='line_1_5' title="bbox 152 918 1197 1002; baseline 0 -20"><span class='ocrx_word' id='word_1_33' title='bbox 152 923 324 1001; x_wconf 82' lang='lat' dir='ltr'><strong>spiciuntur3</strong></span> <span class='ocrx_word' id='word_1_34' title='bbox 351 918 422 979; x_wconf 86' lang='lat' dir='ltr'><strong>aliae</strong></span> <span class='ocrx_word' id='word_1_35' title='bbox 442 939 541 980; x_wconf 86' lang='lat' dir='ltr'><strong>novem</strong></span> <span class='ocrx_word' id='word_1_36' title='bbox 563 924 651 982; x_wconf 90' lang='lat' dir='ltr'><strong>mino·</strong></span> <span class='ocrx_word' id='word_1_37' title='bbox 704 931 769 983; x_wconf 90' lang='lat' dir='ltr'><strong>suut</strong></span> <span class='ocrx_word' id='word_1_38' title='bbox 793 921 966 1000; x_wconf 86' lang='lat' dir='ltr'><strong>pyrami‹les;</strong></span> <span class='ocrx_word' id='word_1_39' title='bbox 987 940 1088 1002; x_wconf 85' lang='lat' dir='ltr'>nempe</span> <span class='ocrx_word' id='word_1_40' title='bbox 1108 921 1197 982; x_wconf 85' lang='lat' dir='ltr'><strong>calca-</strong></span> 
     </span>
     <span class='ocr_line' id='line_1_6' title="bbox 152 1005 1195 1086; baseline -0.001 -18"><span class='ocrx_word' id='word_1_41' title='bbox 152 1027 198 1068; x_wconf 69' lang='grc' dir='ltr'><strong>ηε</strong></span> <span class='ocrx_word' id='word_1_42' title='bbox 211 1005 384 1064; x_wconf 78' lang='lat' dir='ltr'><strong>circumcirca</strong></span> <span class='ocrx_word' id='word_1_43' title='bbox 403 1013 558 1066; x_wconf 80' lang='lat' dir='ltr'><strong>exstructae</strong></span> <span class='ocrx_word' id='word_1_44' title='bbox 575 1015 649 1066; x_wconf 91' lang='lat' dir='ltr'><strong>suut.</strong></span> <span class='ocrx_word' id='word_1_45' title='bbox 701 1028 750 1068; x_wconf 86' lang='lat' dir='ltr'><strong>rea</strong></span> <span class='ocrx_word' id='word_1_46' title='bbox 766 1015 823 1078; x_wconf 86' lang='lat' dir='ltr'><strong>est,</strong></span> <span class='ocrx_word' id='word_1_47' title='bbox 842 1007 953 1065; x_wconf 88' lang='lat' dir='ltr'><strong>modica</strong></span> <span class='ocrx_word' id='word_1_48' title='bbox 968 1007 1083 1082; x_wconf 82' lang='lat' dir='ltr'><strong>duritie,</strong></span> <span class='ocrx_word' id='word_1_49' title='bbox 1101 1017 1195 1086; x_wconf 86' lang='lat' dir='ltr'><strong>petre·</strong></span> 
     </span>
     <span class='ocr_line' id='line_1_7' title="bbox 155 1089 1195 1171; baseline -0.002 -19"><span class='ocrx_word' id='word_1_50' title='bbox 155 1095 188 1152; x_wconf 92' lang='lat' dir='ltr'><strong>ln</strong></span> <span class='ocrx_word' id='word_1_51' title='bbox 215 1109 331 1168; x_wconf 90' lang='lat' dir='ltr'><strong>quarum</strong></span> <span class='ocrx_word' id='word_1_52' title='bbox 357 1109 473 1150; x_wconf 87' lang='lat' dir='ltr'><strong>numero</strong></span> <span class='ocrx_word' id='word_1_53' title='bbox 499 1110 549 1165; x_wconf 90' lang='lat' dir='ltr'><strong>ea,</strong></span> <span class='ocrx_word' id='word_1_54' title='bbox 577 1113 649 1171; x_wconf 86' lang='lat' dir='ltr'><strong>quae</strong></span> <span class='ocrx_word' id='word_1_55' title='bbox 700 1093 781 1152; x_wconf 82' lang='lat' dir='ltr'><strong>factis</strong></span> <span class='ocrx_word' id='word_1_56' title='bbox 812 1089 1012 1150; x_wconf 82' lang='lat' dir='ltr'><strong>leutimlarihus</strong></span> <span class='ocrx_word' id='word_1_57' title='bbox 1047 1099 1075 1152; x_wconf 89' lang='lat' dir='ltr'><strong>et</strong></span> <span class='ocrx_word' id='word_1_58' title='bbox 1106 1093 1195 1152; x_wconf 90' lang='lat' dir='ltr'><strong>numi·</strong></span> 
     </span>
     <span class='ocr_line' id='line_1_8' title="bbox 156 1176 1195 1256; baseline 0.001 -22"><span class='ocrx_word' id='word_1_59' title='bbox 156 1177 371 1255; x_wconf 81' lang='lat' dir='ltr'><strong>septentrionem</strong></span> <span class='ocrx_word' id='word_1_60' title='bbox 393 1177 510 1236; x_wconf 80' lang='lat' dir='ltr'><strong>maxime</strong></span> <span class='ocrx_word' id='word_1_61' title='bbox 531 1186 649 1255; x_wconf 84' lang='lat' dir='ltr'><strong>spectat,</strong></span> <span class='ocrx_word' id='word_1_62' title='bbox 699 1176 1020 1254; x_wconf 80' lang='lat' dir='ltr'><strong>omatibusiutcrspersu,</strong></span> <span class='ocrx_word' id='word_1_63' title='bbox 1035 1184 1119 1256; x_wconf 85' lang='lat' dir='ltr'><strong>atque</strong></span> <span class='ocrx_word' id='word_1_64' title='bbox 1132 1198 1195 1235; x_wconf 89' lang='lat' dir='ltr'><strong>ruo-</strong></span> 
     </span>
     <span class='ocr_line' id='line_1_9' title="bbox 156 1260 1192 1339; baseline -0.001 -15"><span class='ocrx_word' id='word_1_65' title='bbox 156 1263 275 1324; x_wconf 88' lang='lat' dir='ltr'><strong>omnium</strong></span> <span class='ocrx_word' id='word_1_66' title='bbox 289 1279 364 1319; x_wconf 90' lang='lat' dir='ltr'><strong>nuuc</strong></span> <span class='ocrx_word' id='word_1_67' title='bbox 380 1261 540 1339; x_wconf 80' lang='lat' dir='ltr'><strong>perhibetur</strong></span> <span class='ocrx_word' id='word_1_68' title='bbox 561 1265 648 1323; x_wconf 82' lang='lat' dir='ltr'><strong>maxi·</strong></span> <span class='ocrx_word' id='word_1_69' title='bbox 698 1261 745 1321; x_wconf 91' lang='lat' dir='ltr'><strong>bili</strong></span> <span class='ocrx_word' id='word_1_70' title='bbox 760 1280 844 1321; x_wconf 88' lang='lat' dir='ltr'><strong>arena</strong></span> <span class='ocrx_word' id='word_1_71' title='bbox 857 1260 986 1335; x_wconf 80' lang='lat' dir='ltr'><strong>obtecta3</strong></span> <span class='ocrx_word' id='word_1_72' title='bbox 1003 1268 1151 1322; x_wconf 88' lang='lat' dir='ltr'><strong>occurrunt</strong></span> <span class='ocrx_word' id='word_1_73' title='bbox 1164 1264 1192 1323; x_wconf 93' lang='lat' dir='ltr'><strong>in</strong></span> 
     </span>
     <span class='ocr_line' id='line_1_10' title="bbox 154 1343 1194 1424; baseline -0.001 -15"><span class='ocrx_word' id='word_1_74' title='bbox 154 1368 216 1422; x_wconf 88' lang='lat' dir='ltr'><strong>ma,</strong></span> <span class='ocrx_word' id='word_1_75' title='bbox 244 1346 395 1424; x_wconf 85' lang='lat' dir='ltr'><strong>aCheope</strong></span> <span class='ocrx_word' id='word_1_76' title='bbox 415 1345 483 1406; x_wconf 91' lang='lat' dir='ltr'><strong>olim</strong></span> <span class='ocrx_word' id='word_1_77' title='bbox 503 1355 647 1424; x_wconf 85' lang='lat' dir='ltr'><strong>exstructa,</strong></span> <span class='ocrx_word' id='word_1_78' title='bbox 698 1367 732 1408; x_wconf 88' lang='lat' dir='ltr'><strong>ea</strong></span> <span class='ocrx_word' id='word_1_79' title='bbox 747 1347 811 1406; x_wconf 85' lang='lat' dir='ltr'><strong>hinc</strong></span> <span class='ocrx_word' id='word_1_80' title='bbox 829 1352 859 1406; x_wconf 90' lang='lat' dir='ltr'><strong>et</strong></span> <span class='ocrx_word' id='word_1_81' title='bbox 877 1344 944 1404; x_wconf 89' lang='lat' dir='ltr'><strong>inde</strong></span> <span class='ocrx_word' id='word_1_82' title='bbox 955 1343 1126 1408; x_wconf 89' lang='lat' dir='ltr'><strong>latomiarum</strong></span> <span class='ocrx_word' id='word_1_83' title='bbox 1144 1368 1194 1408; x_wconf 83' lang='lat' dir='ltr'><strong>ve·</strong></span> 
     </span>
     <span class='ocr_line' id='line_1_11' title="bbox 153 1429 1190 1513; baseline 0.001 -21"><span class='ocrx_word' id='word_1_84' title='bbox 153 1453 236 1513; x_wconf 88' lang='lat' dir='ltr'><strong>quam</strong></span> <span class='ocrx_word' id='word_1_85' title='bbox 244 1431 405 1491; x_wconf 88' lang='lat' dir='ltr'><strong>Herodotus</strong></span> <span class='ocrx_word' id='word_1_86' title='bbox 419 1431 475 1492; x_wconf 85' lang='lat' dir='ltr'><strong>hl.</strong></span> <span class='ocrx_word' id='word_1_87' title='bbox 490 1433 645 1513; x_wconf 71' lang='lat' dir='ltr'><strong>descripsit.</strong></span> <span class='ocrx_word' id='word_1_88' title='bbox 697 1433 789 1509; x_wconf 78' lang='lat' dir='ltr'><strong>stigia.</strong></span> <span class='ocrx_word' id='word_1_89' title='bbox 831 1429 938 1491; x_wconf 78' lang='lat' dir='ltr'><strong>Multas</strong></span> <span class='ocrx_word' id='word_1_90' title='bbox 953 1430 1016 1490; x_wconf 88' lang='lat' dir='ltr'><strong>olim</strong></span> <span class='ocrx_word' id='word_1_91' title='bbox 1035 1433 1190 1511; x_wconf 81' lang='lat' dir='ltr'><strong>pyramides</strong></span> 
     </span>
     <span class='ocr_line' id='line_1_12' title="bbox 152 1517 1190 1595; baseline -0.001 -17"><span class='ocrx_word' id='word_1_92' title='bbox 152 1520 213 1580; x_wconf 84' lang='lat' dir='ltr'><strong>Sed</strong></span> <span class='ocrx_word' id='word_1_93' title='bbox 235 1523 359 1595; x_wconf 85' lang='lat' dir='ltr'><strong>praestat</strong></span> <span class='ocrx_word' id='word_1_94' title='bbox 379 1517 441 1592; x_wconf 85' lang='lat' dir='ltr'><strong>ipsa</strong></span> <span class='ocrx_word' id='word_1_95' title='bbox 455 1517 572 1594; x_wconf 77' lang='lat' dir='ltr'><strong>Zoiigae</strong></span> <span class='ocrx_word' id='word_1_96' title='bbox 584 1539 647 1579; x_wconf 84' lang='lat' dir='ltr'><strong>rer·</strong></span> <span class='ocrx_word' id='word_1_97' title='bbox 697 1517 783 1578; x_wconf 82' lang='lat' dir='ltr'><strong>tuisse</strong></span> <span class='ocrx_word' id='word_1_98' title='bbox 797 1517 825 1575; x_wconf 92' lang='lat' dir='ltr'><strong>iu</strong></span> <span class='ocrx_word' id='word_1_99' title='bbox 837 1519 1025 1595; x_wconf 90' lang='lat' dir='ltr'><strong>promontorio</strong></span> <span class='ocrx_word' id='word_1_100' title='bbox 1043 1518 1079 1576; x_wconf 86' lang='lat' dir='ltr'><strong>ad</strong></span> <span class='ocrx_word' id='word_1_101' title='bbox 1090 1518 1190 1578; x_wconf 84' lang='lat' dir='ltr'><strong>Gizam</strong></span> 
     </span>
     <span class='ocr_line' id='line_1_13' title="bbox 152 1600 1190 1682; baseline 0.002 -20"><span class='ocrx_word' id='word_1_102' title='bbox 152 1607 192 1664; x_wconf 88' lang='lat' dir='ltr'><strong>ba</strong></span> <span class='ocrx_word' id='word_1_103' title='bbox 205 1619 346 1680; x_wconf 86' lang='lat' dir='ltr'><strong>apponere</strong></span> <span class='ocrx_word' id='word_1_104' title='bbox 357 1600 375 1659; x_wconf 86' lang='lat' dir='ltr'><strong>l</strong></span> <span class='ocrx_word' id='word_1_105' title='bbox 388 1601 406 1658; x_wconf 92' lang='lat' dir='ltr'><strong>l.</strong></span> <span class='ocrx_word' id='word_1_106' title='bbox 421 1622 451 1680; x_wconf 90' lang='lat' dir='ltr'><strong>p.</strong></span> <span class='ocrx_word' id='word_1_107' title='bbox 464 1601 543 1667; x_wconf 80' lang='lat'><strong>400:</strong></span> <span class='ocrx_word' id='word_1_108' title='bbox 559 1645 578 1678; x_wconf 94' lang='lat'>„</span> <span class='ocrx_word' id='word_1_109' title='bbox 587 1605 648 1664; x_wconf 90' lang='lat' dir='ltr'><strong>Sci-</strong></span> <span class='ocrx_word' id='word_1_110' title='bbox 698 1609 842 1682; x_wconf 86' lang='lat' dir='ltr'><strong>spectante</strong></span> <span class='ocrx_word' id='word_1_111' title='bbox 857 1600 966 1662; x_wconf 87' lang='lat' dir='ltr'><strong>eminis</strong></span> <span class='ocrx_word' id='word_1_112' title='bbox 974 1601 1109 1679; x_wconf 80' lang='lat' dir='ltr'><strong>arguitur,</strong></span> <span class='ocrx_word' id='word_1_113' title='bbox 1117 1623 1190 1681; x_wconf 85' lang='lat' dir='ltr'><strong>quae</strong></span> 
     </span>
     <span class='ocr_line' id='line_1_14' title="bbox 154 1685 1190 1764; baseline -0.001 -16"><span class='ocrx_word' id='word_1_114' title='bbox 154 1689 220 1748; x_wconf 83' lang='lat' dir='ltr'><strong>licet</strong></span> <span class='ocrx_word' id='word_1_115' title='bbox 239 1706 257 1745; x_wconf 88' lang='lat' dir='ltr'><strong>a</strong></span> <span class='ocrx_word' id='word_1_116' title='bbox 275 1685 346 1743; x_wconf 84' lang='lat' dir='ltr'><strong>Gizc</strong></span> <span class='ocrx_word' id='word_1_117' title='bbox 367 1686 413 1745; x_wconf 92' lang='lat' dir='ltr'><strong>ubi</strong></span> <span class='ocrx_word' id='word_1_118' title='bbox 431 1693 549 1764; x_wconf 85' lang='lat' dir='ltr'><strong>quatuor</strong></span> <span class='ocrx_word' id='word_1_119' title='bbox 565 1688 646 1749; x_wconf 91' lang='lat' dir='ltr'><strong>milli·</strong></span> <span class='ocrx_word' id='word_1_120' title='bbox 697 1688 782 1748; x_wconf 91' lang='lat' dir='ltr'><strong>hodie</strong></span> <span class='ocrx_word' id='word_1_121' title='bbox 799 1693 947 1764; x_wconf 85' lang='lat' dir='ltr'><strong>supersunt</strong></span> <span class='ocrx_word' id='word_1_122' title='bbox 969 1687 998 1744; x_wconf 90' lang='lat' dir='ltr'><strong>in</strong></span> <span class='ocrx_word' id='word_1_123' title='bbox 1018 1686 1101 1764; x_wconf 86' lang='lat' dir='ltr'><strong>plano</strong></span> <span class='ocrx_word' id='word_1_124' title='bbox 1116 1707 1190 1747; x_wconf 85' lang='lat' dir='ltr'><strong>cam·</strong></span> 
     </span>
     <span class='ocr_line' id='line_1_15' title="bbox 156 1769 1190 1852; baseline -0.003 -20"><span class='ocrx_word' id='word_1_125' title='bbox 156 1773 209 1832; x_wconf 91' lang='lat' dir='ltr'><strong>bus</strong></span> <span class='ocrx_word' id='word_1_126' title='bbox 229 1788 359 1849; x_wconf 87' lang='lat' dir='ltr'><strong>passuum</strong></span> <span class='ocrx_word' id='word_1_127' title='bbox 371 1775 521 1848; x_wconf 74' lang='lat' dir='ltr'><strong>perrexeris</strong></span> <span class='ocrx_word' id='word_1_128' title='bbox 540 1775 578 1834; x_wconf 86' lang='lat' dir='ltr'><strong>ad</strong></span> <span class='ocrx_word' id='word_1_129' title='bbox 599 1795 647 1834; x_wconf 91' lang='lat' dir='ltr'><strong>oc·</strong></span> <span class='ocrx_word' id='word_1_130' title='bbox 697 1793 735 1852; x_wconf 92' lang='lat' dir='ltr'><strong>po</strong></span> <span class='ocrx_word' id='word_1_131' title='bbox 749 1791 799 1833; x_wconf 80' lang='lat' dir='ltr'><strong>sex</strong></span> <span class='ocrx_word' id='word_1_132' title='bbox 811 1769 987 1831; x_wconf 87' lang='lat' dir='ltr'><strong>teremillium</strong></span> <span class='ocrx_word' id='word_1_133' title='bbox 995 1790 1126 1850; x_wconf 85' lang='lat' dir='ltr'><strong>passuum</strong></span> <span class='ocrx_word' id='word_1_134' title='bbox 1137 1773 1190 1831; x_wconf 94' lang='lat' dir='ltr'><strong>cir-</strong></span> 
     </span>
     <span class='ocr_line' id='line_1_16' title="bbox 153 1853 1197 1936; baseline -0.001 -18"><span class='ocrx_word' id='word_1_135' title='bbox 153 1876 247 1918; x_wconf 82' lang='lat' dir='ltr'><strong>casum</strong></span> <span class='ocrx_word' id='word_1_136' title='bbox 270 1853 428 1930; x_wconf 86' lang='lat' dir='ltr'><strong>hiemalem,</strong></span> <span class='ocrx_word' id='word_1_137' title='bbox 449 1859 551 1919; x_wconf 85' lang='lat' dir='ltr'><strong>canalis</strong></span> <span class='ocrx_word' id='word_1_138' title='bbox 570 1866 647 1920; x_wconf 84' lang='lat' dir='ltr'><strong>esta</strong></span> <span class='ocrx_word' id='word_1_139' title='bbox 696 1860 780 1918; x_wconf 87' lang='lat' dir='ltr'><strong>cuitu.</strong></span> <span class='ocrx_word' id='word_1_140' title='bbox 822 1855 934 1915; x_wconf 89' lang='lat' dir='ltr'><strong>Plurimi</strong></span> <span class='ocrx_word' id='word_1_141' title='bbox 958 1864 1103 1936; x_wconf 88' lang='lat' dir='ltr'><strong>praeterea</strong></span> <span class='ocrx_word' id='word_1_142' title='bbox 1128 1867 1197 1936; x_wconf 41' lang='lat' dir='ltr'><strong>suist,</strong></span> 
     </span>
     <span class='ocr_line' id='line_1_17' title="bbox 151 1939 1192 2023; baseline -0.003 -19"><span class='ocrx_word' id='word_1_143' title='bbox 151 1941 218 2004; x_wconf 88' lang='lat' dir='ltr'><strong>Nilo</strong></span> <span class='ocrx_word' id='word_1_144' title='bbox 239 1941 393 2014; x_wconf 84' lang='lat' dir='ltr'><strong>deductus,</strong></span> <span class='ocrx_word' id='word_1_145' title='bbox 433 1961 530 2020; x_wconf 89' lang='lat' dir='ltr'><strong>aquo</strong></span> <span class='ocrx_word' id='word_1_146' title='bbox 550 1945 647 2023; x_wconf 81' lang='lat' dir='ltr'><strong>incipit</strong></span> <span class='ocrx_word' id='word_1_147' title='bbox 696 1941 828 2002; x_wconf 87' lang='lat' dir='ltr'><strong>tumulie</strong></span> <span class='ocrx_word' id='word_1_148' title='bbox 853 1946 928 2000; x_wconf 84' lang='lat' dir='ltr'><strong>secto</strong></span> <span class='ocrx_word' id='word_1_149' title='bbox 958 1939 1052 2020; x_wconf 86' lang='lat' dir='ltr'><strong>lapide</strong></span> <span class='ocrx_word' id='word_1_150' title='bbox 1078 1943 1192 2002; x_wconf 87' lang='lat' dir='ltr'><strong>eircum-</strong></span> 
     </span>
     <span class='ocr_line' id='line_1_18' title="bbox 150 2025 1191 2107; baseline -0.001 -20"><span class='ocrx_word' id='word_1_151' title='bbox 150 2031 196 2087; x_wconf 90' lang='lat' dir='ltr'><strong>via</strong></span> <span class='ocrx_word' id='word_1_152' title='bbox 213 2046 266 2107; x_wconf 90' lang='lat' dir='ltr'><strong>per</strong></span> <span class='ocrx_word' id='word_1_153' title='bbox 287 2044 370 2102; x_wconf 81' lang='lat' dir='ltr'><strong>agros</strong></span> <span class='ocrx_word' id='word_1_154' title='bbox 393 2025 505 2087; x_wconf 76' lang='lat' dir='ltr'><strong>humiles</strong></span> <span class='ocrx_word' id='word_1_155' title='bbox 521 2030 646 2089; x_wconf 89' lang='lat' dir='ltr'><strong>substru-</strong></span> <span class='ocrx_word' id='word_1_156' title='bbox 696 2029 769 2088; x_wconf 87' lang='lat' dir='ltr'><strong>circa</strong></span> <span class='ocrx_word' id='word_1_157' title='bbox 801 2026 981 2100; x_wconf 83' lang='lat' dir='ltr'><strong>adiacentes,</strong></span> <span class='ocrx_word' id='word_1_158' title='bbox 1016 2026 1142 2103; x_wconf 87' lang='lat' dir='ltr'><strong>quadrati</strong></span> <span class='ocrx_word' id='word_1_159' title='bbox 1163 2035 1191 2088; x_wconf 84' lang='lat' dir='ltr'><strong>et</strong></span> 
     </span>
     <span class='ocr_line' id='line_1_19' title="bbox 148 2097 1189 2190; baseline -0.002 -16"><span class='ocrx_word' id='word_1_160' title='bbox 148 2113 288 2174; x_wconf 86' lang='lat' dir='ltr'><strong>ctiouibus</strong></span> <span class='ocrx_word' id='word_1_161' title='bbox 308 2111 449 2170; x_wconf 83' lang='lat' dir='ltr'><strong>sublevata</strong></span> <span class='ocrx_word' id='word_1_162' title='bbox 469 2119 500 2170; x_wconf 92' lang='lat' dir='ltr'><strong>et</strong></span> <span class='ocrx_word' id='word_1_163' title='bbox 515 2121 588 2174; x_wconf 87' lang='lat' dir='ltr'><strong>secto</strong></span> <span class='ocrx_word' id='word_1_164' title='bbox 604 2114 646 2173; x_wconf 86' lang='lat' dir='ltr'><strong>la·</strong></span> <span class='ocrx_word' id='word_1_165' title='bbox 696 2097 821 2186; x_wconf 82' lang='lat' dir='ltr'><strong>oblongi,</strong></span> <span class='ocrx_word' id='word_1_166' title='bbox 835 2110 899 2170; x_wconf 91' lang='lat' dir='ltr'><strong>olim</strong></span> <span class='ocrx_word' id='word_1_167' title='bbox 915 2113 989 2170; x_wconf 83' lang='lat' dir='ltr'><strong>forte</strong></span> <span class='ocrx_word' id='word_1_168' title='bbox 1001 2113 1189 2190; x_wconf 74' lang='lat' dir='ltr'><strong>pyramidibus</strong></span> 
     </span>
     <span class='ocr_line' id='line_1_20' title="bbox 149 2195 1189 2279; baseline -0.001 -22"><span class='ocrx_word' id='word_1_169' title='bbox 149 2199 216 2279; x_wconf 86' lang='lat' dir='ltr'><strong>pide</strong></span> <span class='ocrx_word' id='word_1_170' title='bbox 232 2197 355 2271; x_wconf 86' lang='lat' dir='ltr'><strong>munita,</strong></span> <span class='ocrx_word' id='word_1_171' title='bbox 376 2195 523 2258; x_wconf 84' lang='lat' dir='ltr'><strong>latitudine</strong></span> <span class='ocrx_word' id='word_1_172' title='bbox 543 2201 645 2277; x_wconf 88' lang='lat' dir='ltr'><strong>pedum</strong></span> <span class='ocrx_word' id='word_1_173' title='bbox 695 2197 784 2275; x_wconf 78' lang='lat' dir='ltr'><strong>tigma</strong></span> <span class='ocrx_word' id='word_1_174' title='bbox 795 2195 911 2272; x_wconf 90' lang='lat' dir='ltr'><strong>similes,</strong></span> <span class='ocrx_word' id='word_1_175' title='bbox 932 2215 1005 2254; x_wconf 89' lang='lat' dir='ltr'><strong>nunc</strong></span> <span class='ocrx_word' id='word_1_176' title='bbox 1019 2199 1114 2274; x_wconf 82' lang='lat' dir='ltr'><strong>paucis</strong></span> <span class='ocrx_word' id='word_1_177' title='bbox 1127 2205 1189 2256; x_wconf 89' lang='lat' dir='ltr'><strong>tau·</strong></span> 
     </span>
     <span class='ocr_line' id='line_1_21' title="bbox 148 2281 1190 2362; baseline -0.001 -20"><span class='ocrx_word' id='word_1_178' title='bbox 148 2283 264 2360; x_wconf 81' lang='lat' dir='ltr'><strong>viginti,</strong></span> <span class='ocrx_word' id='word_1_179' title='bbox 305 2282 481 2358; x_wconf 78' lang='lat' dir='ltr'><strong>longitudine</strong></span> <span class='ocrx_word' id='word_1_180' title='bbox 514 2300 645 2361; x_wconf 86' lang='lat' dir='ltr'><strong>passuum</strong></span> <span class='ocrx_word' id='word_1_181' title='bbox 695 2288 753 2341; x_wconf 92' lang='lat' dir='ltr'><strong>tum</strong></span> <span class='ocrx_word' id='word_1_182' title='bbox 767 2282 886 2362; x_wconf 86' lang='lat' dir='ltr'><strong>pedibus</strong></span> <span class='ocrx_word' id='word_1_183' title='bbox 900 2281 1085 2359; x_wconf 90' lang='lat' dir='ltr'><strong>supersolum</strong></span> <span class='ocrx_word' id='word_1_184' title='bbox 1098 2301 1190 2342; x_wconf 87' lang='lat' dir='ltr'><strong>assur·</strong></span> 
     </span>
     <span class='ocr_line' id='line_1_22' title="bbox 150 2365 1189 2446; baseline -0.002 -17"><span class='ocrx_word' id='word_1_185' title='bbox 150 2367 224 2429; x_wconf 88' lang='lat' dir='ltr'><strong>mille</strong></span> <span class='ocrx_word' id='word_1_186' title='bbox 237 2367 471 2444; x_wconf 87' lang='lat' dir='ltr'><strong>quingentorum,</strong></span> <span class='ocrx_word' id='word_1_187' title='bbox 493 2368 602 2428; x_wconf 88' lang='lat' dir='ltr'><strong>duobus</strong></span> <span class='ocrx_word' id='word_1_188' title='bbox 615 2369 645 2428; x_wconf 86' lang='lat' dir='ltr'><strong>in</strong></span> <span class='ocrx_word' id='word_1_189' title='bbox 695 2373 811 2445; x_wconf 85' lang='lat' dir='ltr'><strong>gentes,</strong></span> <span class='ocrx_word' id='word_1_190' title='bbox 834 2367 863 2426; x_wconf 92' lang='lat' dir='ltr'><strong>in</strong></span> <span class='ocrx_word' id='word_1_191' title='bbox 881 2386 997 2444; x_wconf 89' lang='lat' dir='ltr'><strong>quormn</strong></span> <span class='ocrx_word' id='word_1_192' title='bbox 1009 2365 1123 2444; x_wconf 84' lang='lat' dir='ltr'><strong>siugulis</strong></span> <span class='ocrx_word' id='word_1_193' title='bbox 1137 2389 1189 2446; x_wconf 91' lang='lat' dir='ltr'><strong>pu·</strong></span> 
     </span>
     <span class='ocr_line' id='line_1_23' title="bbox 151 2452 1188 2532; baseline 0.002 -22"><span class='ocrx_word' id='word_1_194' title='bbox 151 2452 218 2512; x_wconf 86' lang='lat' dir='ltr'><strong>locis</strong></span> <span class='ocrx_word' id='word_1_195' title='bbox 239 2458 326 2531; x_wconf 89' lang='lat' dir='ltr'><strong>ponte</strong></span> <span class='ocrx_word' id='word_1_196' title='bbox 344 2473 428 2529; x_wconf 86' lang='lat' dir='ltr'><strong>super</strong></span> <span class='ocrx_word' id='word_1_197' title='bbox 445 2455 534 2513; x_wconf 82' lang='lat' dir='ltr'><strong>fossas</strong></span> <span class='ocrx_word' id='word_1_198' title='bbox 555 2461 646 2512; x_wconf 88' lang='lat' dir='ltr'><strong>trans-</strong></span> <span class='ocrx_word' id='word_1_199' title='bbox 694 2454 732 2513; x_wconf 90' lang='lat' dir='ltr'><strong>tei</strong></span> <span class='ocrx_word' id='word_1_200' title='bbox 744 2459 809 2512; x_wconf 90' lang='lat' dir='ltr'><strong>suut</strong></span> <span class='ocrx_word' id='word_1_201' title='bbox 821 2453 906 2512; x_wconf 86' lang='lat' dir='ltr'><strong>ruinis</strong></span> <span class='ocrx_word' id='word_1_202' title='bbox 923 2457 952 2512; x_wconf 89' lang='lat' dir='ltr'><strong>et</strong></span> <span class='ocrx_word' id='word_1_203' title='bbox 970 2471 1053 2511; x_wconf 88' lang='lat' dir='ltr'><strong>arena</strong></span> <span class='ocrx_word' id='word_1_204' title='bbox 1074 2452 1188 2532; x_wconf 90' lang='lat' dir='ltr'><strong>oppleti,</strong></span> 
     </span>
     <span class='ocr_line' id='line_1_24' title="bbox 151 2536 1189 2618; baseline 0.002 -24"><span class='ocrx_word' id='word_1_205' title='bbox 151 2543 238 2597; x_wconf 85' lang='lat' dir='ltr'><strong>recta.</strong></span> <span class='ocrx_word' id='word_1_206' title='bbox 275 2538 354 2606; x_wconf 85' lang='lat' dir='ltr'><strong>Quae</strong></span> <span class='ocrx_word' id='word_1_207' title='bbox 366 2536 429 2596; x_wconf 90' lang='lat' dir='ltr'><strong>licet</strong></span> <span class='ocrx_word' id='word_1_208' title='bbox 441 2557 514 2598; x_wconf 86' lang='lat' dir='ltr'><strong>nuuc</strong></span> <span class='ocrx_word' id='word_1_209' title='bbox 527 2539 645 2597; x_wconf 82' lang='lat' dir='ltr'><strong>maxima</strong></span> <span class='ocrx_word' id='word_1_210' title='bbox 694 2557 745 2618; x_wconf 90' lang='lat' dir='ltr'><strong>per</strong></span> <span class='ocrx_word' id='word_1_211' title='bbox 756 2557 827 2616; x_wconf 87' lang='lat' dir='ltr'><strong>quos</strong></span> <span class='ocrx_word' id='word_1_212' title='bbox 837 2537 901 2596; x_wconf 92' lang='lat' dir='ltr'><strong>olim</strong></span> <span class='ocrx_word' id='word_1_213' title='bbox 917 2537 1136 2597; x_wconf 87' lang='lat' dir='ltr'><strong>descendebatur</strong></span> <span class='ocrx_word' id='word_1_214' title='bbox 1151 2540 1189 2596; x_wconf 89' lang='lat' dir='ltr'><strong>ad</strong></span> 
     </span>
     <span class='ocr_line' id='line_1_25' title="bbox 149 2621 1187 2702; baseline -0.002 -20"><span class='ocrx_word' id='word_1_215' title='bbox 149 2641 184 2682; x_wconf 81' lang='lat' dir='ltr'><strong>ex</strong></span> <span class='ocrx_word' id='word_1_216' title='bbox 211 2629 294 2701; x_wconf 85' lang='lat' dir='ltr'><strong>parte</strong></span> <span class='ocrx_word' id='word_1_217' title='bbox 324 2621 446 2682; x_wconf 81' lang='lat' dir='ltr'><strong>Arabum</strong></span> <span class='ocrx_word' id='word_1_218' title='bbox 467 2643 550 2681; x_wconf 87' lang='lat' dir='ltr'><strong>mauu</strong></span> <span class='ocrx_word' id='word_1_219' title='bbox 573 2625 645 2683; x_wconf 82' lang='lat' dir='ltr'><strong>iacta</strong></span> <span class='ocrx_word' id='word_1_220' title='bbox 693 2629 806 2701; x_wconf 82' lang='lat' dir='ltr'><strong>cryptas</strong></span> <span class='ocrx_word' id='word_1_221' title='bbox 819 2621 1015 2702; x_wconf 88' lang='lat' dir='ltr'><strong>sepulcrorum.</strong></span> <span class='ocrx_word' id='word_1_222' title='bbox 1027 2621 1187 2698; x_wconf 81' lang='lat' dir='ltr'><strong>Pyramides</strong></span> 
     </span>
     <span class='ocr_line' id='line_1_26' title="bbox 148 2707 1187 2786; baseline 0 -20"><span class='ocrx_word' id='word_1_223' title='bbox 148 2713 295 2786; x_wconf 85' lang='lat' dir='ltr'><strong>appareat,</strong></span> <span class='ocrx_word' id='word_1_224' title='bbox 312 2715 404 2768; x_wconf 89' lang='lat' dir='ltr'><strong>tamen</strong></span> <span class='ocrx_word' id='word_1_225' title='bbox 418 2709 517 2767; x_wconf 86' lang='lat' dir='ltr'><strong>veteris</strong></span> <span class='ocrx_word' id='word_1_226' title='bbox 530 2709 593 2769; x_wconf 83' lang='lat' dir='ltr'><strong>riae</strong></span> <span class='ocrx_word' id='word_1_227' title='bbox 607 2707 643 2769; x_wconf 91' lang='lat' dir='ltr'><strong>ab</strong></span> <span class='ocrx_word' id='word_1_228' title='bbox 695 2708 840 2768; x_wconf 87' lang='lat' dir='ltr'><strong>duodecim</strong></span> <span class='ocrx_word' id='word_1_229' title='bbox 864 2707 908 2767; x_wconf 87' lang='lat' dir='ltr'><strong>rel</strong></span> <span class='ocrx_word' id='word_1_230' title='bbox 936 2707 1066 2766; x_wconf 86' lang='lat' dir='ltr'><strong>tredecim</strong></span> <span class='ocrx_word' id='word_1_231' title='bbox 1098 2709 1187 2766; x_wconf 85' lang='lat' dir='ltr'><strong>adhuc</strong></span> 
     </span>
     <span class='ocr_line' id='line_1_27' title="bbox 28 2792 1189 2870; baseline -0.002 -20"><span class='ocrx_word' id='word_1_232' title='bbox 28 2816 35 2826; x_wconf 95' lang='lat'><em>·</em></span> <span class='ocrx_word' id='word_1_233' title='bbox 148 2793 293 2852; x_wconf 85' lang='lat' dir='ltr'><strong>Herodoto</strong></span> <span class='ocrx_word' id='word_1_234' title='bbox 301 2801 470 2852; x_wconf 88' lang='lat' dir='ltr'><strong>memoratae</strong></span> <span class='ocrx_word' id='word_1_235' title='bbox 477 2813 586 2854; x_wconf 83' lang='lat' dir='ltr'><strong>cursum</strong></span> <span class='ocrx_word' id='word_1_236' title='bbox 600 2794 645 2854; x_wconf 90' lang='lat' dir='ltr'><strong>iu·</strong></span> <span class='ocrx_word' id='word_1_237' title='bbox 695 2799 895 2870; x_wconf 83' lang='lat' dir='ltr'><strong>agnoscuntur,</strong></span> <span class='ocrx_word' id='word_1_238' title='bbox 916 2794 945 2852; x_wconf 92' lang='lat' dir='ltr'><strong>in</strong></span> <span class='ocrx_word' id='word_1_239' title='bbox 958 2792 1056 2870; x_wconf 89' lang='lat' dir='ltr'><strong>quibus</strong></span> <span class='ocrx_word' id='word_1_240' title='bbox 1072 2800 1127 2850; x_wconf 87' lang='lat' dir='ltr'><strong>tres</strong></span> <span class='ocrx_word' id='word_1_241' title='bbox 1137 2812 1189 2848; x_wconf 87' lang='lat' dir='ltr'><strong>uo·</strong></span> 
     </span>
     <span class='ocr_line' id='line_1_28' title="bbox 148 2877 1187 2956; baseline -0.001 -21"><span class='ocrx_word' id='word_1_242' title='bbox 148 2878 242 2937; x_wconf 88' lang='lat' dir='ltr'><strong>dicare</strong></span> <span class='ocrx_word' id='word_1_243' title='bbox 269 2879 391 2952; x_wconf 87' lang='lat' dir='ltr'><strong>ridetur,</strong></span> <span class='ocrx_word' id='word_1_244' title='bbox 418 2880 514 2936; x_wconf 75' lang='lat' dir='ltr'><strong>forsan</strong></span> <span class='ocrx_word' id='word_1_245' title='bbox 537 2879 644 2937; x_wconf 87' lang='lat' dir='ltr'><strong>instau-</strong></span> <span class='ocrx_word' id='word_1_246' title='bbox 694 2885 786 2938; x_wconf 87' lang='lat' dir='ltr'><strong>tantur</strong></span> <span class='ocrx_word' id='word_1_247' title='bbox 799 2878 872 2939; x_wconf 91' lang='lat' dir='ltr'><strong>mole</strong></span> <span class='ocrx_word' id='word_1_248' title='bbox 885 2899 935 2937; x_wconf 86' lang='lat' dir='ltr'><strong>sua</strong></span> <span class='ocrx_word' id='word_1_249' title='bbox 944 2881 1116 2956; x_wconf 87' lang='lat' dir='ltr'><strong>conspicuae.</strong></span> <span class='ocrx_word' id='word_1_250' title='bbox 1129 2877 1187 2934; x_wconf 83' lang='lat' dir='ltr'><strong>lia-</strong></span> 
     </span>
     <span class='ocr_line' id='line_1_29' title="bbox 147 2961 1187 3041; baseline -0.001 -22"><span class='ocrx_word' id='word_1_251' title='bbox 147 2967 211 3021; x_wconf 85' lang='lat' dir='ltr'><strong>rata</strong></span> <span class='ocrx_word' id='word_1_252' title='bbox 228 2981 246 3020; x_wconf 87' lang='lat' dir='ltr'><strong>a</strong></span> <span class='ocrx_word' id='word_1_253' title='bbox 260 2962 384 3020; x_wconf 86' lang='lat' dir='ltr'><strong>barbaris</strong></span> <span class='ocrx_word' id='word_1_254' title='bbox 395 2969 426 3020; x_wconf 88' lang='lat' dir='ltr'><strong>nt</strong></span> <span class='ocrx_word' id='word_1_255' title='bbox 437 2963 587 3022; x_wconf 79' lang='lat' dir='ltr'><strong>eveherent</strong></span> <span class='ocrx_word' id='word_1_256' title='bbox 603 2963 644 3022; x_wconf 87' lang='lat' dir='ltr'><strong>la·</strong></span> <span class='ocrx_word' id='word_1_257' title='bbox 693 2982 753 3022; x_wconf 91' lang='lat' dir='ltr'><strong>rum</strong></span> <span class='ocrx_word' id='word_1_258' title='bbox 764 2982 836 3041; x_wconf 90' lang='lat' dir='ltr'><strong>quae</strong></span> <span class='ocrx_word' id='word_1_259' title='bbox 849 2983 867 3023; x_wconf 90' lang='lat' dir='ltr'><strong>a</strong></span> <span class='ocrx_word' id='word_1_260' title='bbox 879 2962 963 3022; x_wconf 83' lang='lat' dir='ltr'><strong>Delta</strong></span> <span class='ocrx_word' id='word_1_261' title='bbox 975 2965 1003 3020; x_wconf 91' lang='lat' dir='ltr'><strong>iu</strong></span> <span class='ocrx_word' id='word_1_262' title='bbox 1015 2961 1187 3022; x_wconf 82' lang='lat' dir='ltr'><strong>Thebaidem</strong></span> 
     </span>
     <span class='ocr_line' id='line_1_30' title="bbox 147 3046 1187 3127; baseline -0.002 -22"><span class='ocrx_word' id='word_1_263' title='bbox 147 3046 253 3127; x_wconf 88' lang='lat' dir='ltr'><strong>pides,</strong></span> <span class='ocrx_word' id='word_1_264' title='bbox 288 3046 388 3122; x_wconf 85' lang='lat' dir='ltr'><strong>quibus</strong></span> <span class='ocrx_word' id='word_1_265' title='bbox 413 3047 583 3115; x_wconf 73' lang='lat' dir='ltr'><strong>adrehmdie</strong></span> <span class='ocrx_word' id='word_1_266' title='bbox 607 3048 643 3107; x_wconf 88' lang='lat' dir='ltr'><strong>ab</strong></span> <span class='ocrx_word' id='word_1_267' title='bbox 693 3049 871 3108; x_wconf 89' lang='lat' dir='ltr'><strong>tendentibus</strong></span> <span class='ocrx_word' id='word_1_268' title='bbox 886 3049 975 3125; x_wconf 89' lang='lat' dir='ltr'><strong>prima</strong></span> <span class='ocrx_word' id='word_1_269' title='bbox 992 3047 1120 3118; x_wconf 84' lang='lat' dir='ltr'><strong>obvenit,</strong></span> <span class='ocrx_word' id='word_1_270' title='bbox 1141 3066 1187 3104; x_wconf 91' lang='lat' dir='ltr'><strong>so·</strong></span> 
     </span>
     <span class='ocr_line' id='line_1_31' title="bbox 148 3131 1187 3208; baseline -0.004 -18"><span class='ocrx_word' id='word_1_271' title='bbox 148 3132 266 3208; x_wconf 86' lang='lat' dir='ltr'><strong>antiquo</strong></span> <span class='ocrx_word' id='word_1_272' title='bbox 286 3150 354 3206; x_wconf 81' lang='lat' dir='ltr'><strong>rege</strong></span> <span class='ocrx_word' id='word_1_273' title='bbox 379 3131 470 3190; x_wconf 83' lang='lat' dir='ltr'><strong>iuerat</strong></span> <span class='ocrx_word' id='word_1_274' title='bbox 497 3132 643 3192; x_wconf 84' lang='lat' dir='ltr'><strong>destinata</strong></span> <span class='ocrx_word' id='word_1_275' title='bbox 694 3133 779 3193; x_wconf 91' lang='lat' dir='ltr'><strong>lemni</strong></span> <span class='ocrx_word' id='word_1_276' title='bbox 792 3132 927 3192; x_wconf 87' lang='lat' dir='ltr'><strong>vocabulo</strong></span> <span class='ocrx_word' id='word_1_277' title='bbox 945 3149 1047 3206; x_wconf 79' lang='lat' dir='ltr'><strong>magua</strong></span> <span class='ocrx_word' id='word_1_278' title='bbox 1059 3131 1187 3190; x_wconf 82' lang='lat' dir='ltr'><strong>sircura-</strong></span> 
     </span>
     <span class='ocr_line' id='line_1_32' title="bbox 150 3213 1186 3297; baseline 0 -25"><span class='ocrx_word' id='word_1_279' title='bbox 150 3215 196 3294; x_wconf 91' lang='lat' dir='ltr'><strong>[lu</strong></span> <span class='ocrx_word' id='word_1_280' title='bbox 210 3216 326 3275; x_wconf 88' lang='lat' dir='ltr'><strong>eandem</strong></span> <span class='ocrx_word' id='word_1_281' title='bbox 345 3215 510 3276; x_wconf 86' lang='lat' dir='ltr'><strong>senteutiam</strong></span> <span class='ocrx_word' id='word_1_282' title='bbox 523 3219 646 3294; x_wconf 85' lang='lat' dir='ltr'><strong>disputat</strong></span> <span class='ocrx_word' id='word_1_283' title='bbox 693 3220 768 3278; x_wconf 81' lang='lat' dir='ltr'><strong>xima</strong></span> <span class='ocrx_word' id='word_1_284' title='bbox 794 3218 915 3297; x_wconf 84' lang='lat' dir='ltr'><strong>pyramis</strong></span> <span class='ocrx_word' id='word_1_285' title='bbox 943 3213 1078 3293; x_wconf 88' lang='lat' dir='ltr'><strong>appellari</strong></span> <span class='ocrx_word' id='word_1_286' title='bbox 1105 3214 1186 3288; x_wconf 87' lang='lat' dir='ltr'><strong>solet,</strong></span> 
     </span>
     <span class='ocr_line' id='line_1_33' title="bbox 147 3299 1186 3381; baseline -0.001 -23"><span class='ocrx_word' id='word_1_287' title='bbox 147 3299 492 3381; x_wconf 85' lang='lat' dir='ltr'><strong>Hirt.l.l.p.16·17·]</strong></span> <span class='ocrx_word' id='word_1_288' title='bbox 534 3301 646 3362; x_wconf 87' lang='lat' dir='ltr'><strong>Desinit</strong></span> <span class='ocrx_word' id='word_1_289' title='bbox 694 3321 852 3380; x_wconf 87' lang='lat' dir='ltr'><strong>quanquam</strong></span> <span class='ocrx_word' id='word_1_290' title='bbox 893 3301 1048 3377; x_wconf 85' lang='lat' dir='ltr'><strong>ambigatur</strong></span> <span class='ocrx_word' id='word_1_291' title='bbox 1097 3299 1186 3357; x_wconf 82' lang='lat' dir='ltr'><strong>adhuc</strong></span> 
     </span>
     <span class='ocr_line' id='line_1_34' title="bbox 146 3387 1186 3466; baseline -0.002 -22"><span class='ocrx_word' id='word_1_292' title='bbox 146 3391 242 3445; x_wconf 86' lang='lat' dir='ltr'><strong>autem</strong></span> <span class='ocrx_word' id='word_1_293' title='bbox 256 3387 294 3445; x_wconf 88' lang='lat' dir='ltr'><strong>ad</strong></span> <span class='ocrx_word' id='word_1_294' title='bbox 309 3387 410 3463; x_wconf 90' lang='lat' dir='ltr'><strong>pedem</strong></span> <span class='ocrx_word' id='word_1_295' title='bbox 423 3387 496 3446; x_wconf 83' lang='lat' dir='ltr'><strong>collis</strong></span> <span class='ocrx_word' id='word_1_296' title='bbox 505 3407 554 3448; x_wconf 85' lang='lat' dir='ltr'><strong>seu</strong></span> <span class='ocrx_word' id='word_1_297' title='bbox 568 3407 644 3448; x_wconf 89' lang='lat' dir='ltr'><strong>cam-</strong></span> <span class='ocrx_word' id='word_1_298' title='bbox 694 3394 785 3448; x_wconf 92' lang='lat' dir='ltr'><strong>utrum</strong></span> <span class='ocrx_word' id='word_1_299' title='bbox 801 3406 862 3448; x_wconf 89' lang='lat' dir='ltr'><strong>eam</strong></span> <span class='ocrx_word' id='word_1_300' title='bbox 878 3391 999 3466; x_wconf 86' lang='lat' dir='ltr'><strong>superet,</strong></span> <span class='ocrx_word' id='word_1_301' title='bbox 1016 3403 1088 3462; x_wconf 88' lang='lat' dir='ltr'><strong>quae</strong></span> <span class='ocrx_word' id='word_1_302' title='bbox 1102 3402 1186 3442; x_wconf 85' lang='lat' dir='ltr'><strong>ame-</strong></span> 
     </span>
     <span class='ocr_line' id='line_1_35' title="bbox 146 3470 1186 3552; baseline -0.001 -24"><span class='ocrx_word' id='word_1_303' title='bbox 146 3471 179 3550; x_wconf 89' lang='lat' dir='ltr'><strong>pi</strong></span> <span class='ocrx_word' id='word_1_304' title='bbox 195 3472 456 3546; x_wconf 67' lang='lat' dir='ltr'><strong>uramentum,</strong></span> <span class='ocrx_word' id='word_1_305' title='bbox 479 3473 537 3533; x_wconf 80' lang='lat' dir='ltr'><strong>sire</strong></span> <span class='ocrx_word' id='word_1_306' title='bbox 554 3479 644 3532; x_wconf 89' lang='lat' dir='ltr'><strong>utre-</strong></span> <span class='ocrx_word' id='word_1_307' title='bbox 693 3473 764 3534; x_wconf 87' lang='lat' dir='ltr'><strong>ridie</strong></span> <span class='ocrx_word' id='word_1_308' title='bbox 789 3474 915 3552; x_wconf 82' lang='lat' dir='ltr'><strong>proxime</strong></span> <span class='ocrx_word' id='word_1_309' title='bbox 946 3471 1079 3530; x_wconf 85' lang='lat' dir='ltr'><strong>adstituta</strong></span> <span class='ocrx_word' id='word_1_310' title='bbox 1113 3470 1186 3530; x_wconf 86' lang='lat' dir='ltr'><strong>est.“</strong></span> 
     </span>
     <span class='ocr_line' id='line_1_36' title="bbox 145 3555 1186 3637; baseline -0.002 -23"><span class='ocrx_word' id='word_1_311' title='bbox 145 3556 209 3615; x_wconf 90' lang='lat' dir='ltr'><strong>tulit</strong></span> <span class='ocrx_word' id='word_1_312' title='bbox 219 3556 397 3630; x_wconf 86' lang='lat' dir='ltr'><strong>Niebuhrius,</strong></span> <span class='ocrx_word' id='word_1_313' title='bbox 408 3564 517 3618; x_wconf 82' lang='lat' dir='ltr'><strong>ceutrnu</strong></span> <span class='ocrx_word' id='word_1_314' title='bbox 531 3564 645 3637; x_wconf 87' lang='lat' dir='ltr'><strong>septua·</strong></span> <span class='ocrx_word' id='word_1_315' title='bbox 694 3557 752 3618; x_wconf 86' lang='lat' dir='ltr'><strong>lam</strong></span> <span class='ocrx_word' id='word_1_316' title='bbox 764 3564 915 3634; x_wconf 87' lang='lat' dir='ltr'><strong>sequuntur</strong></span> <span class='ocrx_word' id='word_1_317' title='bbox 928 3555 981 3615; x_wconf 86' lang='lat' dir='ltr'><strong>alia</strong></span> <span class='ocrx_word' id='word_1_318' title='bbox 994 3555 1030 3615; x_wconf 90' lang='lat' dir='ltr'><strong>de</strong></span> <span class='ocrx_word' id='word_1_319' title='bbox 1042 3555 1186 3614; x_wconf 87' lang='lat' dir='ltr'><strong>latitudine</strong></span> 
     </span>
     <span class='ocr_line' id='line_1_37' title="bbox 147 3639 1186 3724; baseline -0.004 -24"><span class='ocrx_word' id='word_1_320' title='bbox 147 3641 228 3718; x_wconf 79' lang='lat' dir='ltr'><strong>ginta</strong></span> <span class='ocrx_word' id='word_1_321' title='bbox 246 3641 351 3721; x_wconf 90' lang='lat' dir='ltr'><strong>pedum</strong></span> <span class='ocrx_word' id='word_1_322' title='bbox 368 3641 540 3702; x_wconf 83' lang='lat' dir='ltr'><strong>altitudinem</strong></span> <span class='ocrx_word' id='word_1_323' title='bbox 559 3661 644 3721; x_wconf 87' lang='lat' dir='ltr'><strong>supra</strong></span> <span class='ocrx_word' id='word_1_324' title='bbox 693 3643 845 3724; x_wconf 88' lang='lat' dir='ltr'><strong>pyramidis</strong></span> <span class='ocrx_word' id='word_1_325' title='bbox 860 3650 945 3720; x_wconf 88' lang='lat' dir='ltr'><strong>atque</strong></span> <span class='ocrx_word' id='word_1_326' title='bbox 962 3639 1122 3713; x_wconf 86' lang='lat' dir='ltr'><strong>altitudine,</strong></span> <span class='ocrx_word' id='word_1_327' title='bbox 1139 3659 1186 3697; x_wconf 90' lang='lat' dir='ltr'><strong>su·</strong></span> 
     </span>
     <span class='ocr_line' id='line_1_38' title="bbox 149 3722 1187 3808; baseline -0.002 -24"><span class='ocrx_word' id='word_1_328' title='bbox 149 3726 322 3786; x_wconf 86' lang='lat' dir='ltr'><strong>subiacentes</strong></span> <span class='ocrx_word' id='word_1_329' title='bbox 337 3746 421 3804; x_wconf 83' lang='lat' dir='ltr'><strong>agros</strong></span> <span class='ocrx_word' id='word_1_330' title='bbox 436 3728 522 3800; x_wconf 88' lang='lat' dir='ltr'><strong>eluti,</strong></span> <span class='ocrx_word' id='word_1_331' title='bbox 543 3729 642 3805; x_wconf 91' lang='lat' dir='ltr'><strong>inquo</strong></span> <span class='ocrx_word' id='word_1_332' title='bbox 693 3749 745 3808; x_wconf 92' lang='lat' dir='ltr'><strong>pra</strong></span> <span class='ocrx_word' id='word_1_333' title='bbox 758 3727 839 3789; x_wconf 86' lang='lat' dir='ltr'><strong>nobis</strong></span> <span class='ocrx_word' id='word_1_334' title='bbox 862 3729 917 3786; x_wconf 82' lang='lat' dir='ltr'><strong>iam</strong></span> <span class='ocrx_word' id='word_1_335' title='bbox 931 3725 1067 3798; x_wconf 88' lang='lat' dir='ltr'><strong>indicata,</strong></span> <span class='ocrx_word' id='word_1_336' title='bbox 1087 3725 1124 3784; x_wconf 88' lang='lat' dir='ltr'><strong>de</strong></span> <span class='ocrx_word' id='word_1_337' title='bbox 1144 3722 1187 3782; x_wconf 88' lang='lat' dir='ltr'><strong>la·</strong></span> 
     </span>
     <span class='ocr_line' id='line_1_39' title="bbox 146 3809 1185 3890; baseline -0.004 -20"><span class='ocrx_word' id='word_1_338' title='bbox 146 3812 305 3890; x_wconf 84' lang='lat' dir='ltr'><strong>pyramides</strong></span> <span class='ocrx_word' id='word_1_339' title='bbox 317 3813 446 3874; x_wconf 86' lang='lat' dir='ltr'><strong>conditae</strong></span> <span class='ocrx_word' id='word_1_340' title='bbox 458 3820 531 3872; x_wconf 84' lang='lat' dir='ltr'><strong>suut</strong></span> <span class='ocrx_word' id='word_1_341' title='bbox 553 3811 644 3872; x_wconf 87' lang='lat' dir='ltr'><strong>Nem·</strong></span> <span class='ocrx_word' id='word_1_342' title='bbox 692 3820 784 3874; x_wconf 88' lang='lat' dir='ltr'><strong>terum</strong></span> <span class='ocrx_word' id='word_1_343' title='bbox 804 3811 992 3890; x_wconf 83' lang='lat' dir='ltr'><strong>aequalitate,</strong></span> <span class='ocrx_word' id='word_1_344' title='bbox 1020 3809 1056 3869; x_wconf 89' lang='lat' dir='ltr'><strong>de</strong></span> <span class='ocrx_word' id='word_1_345' title='bbox 1079 3828 1185 3867; x_wconf 85' lang='lat' dir='ltr'><strong>summo</strong></span> 
     </span>
     <span class='ocr_line' id='line_1_40' title="bbox 145 3893 1186 3974; baseline -0.003 -20"><span class='ocrx_word' id='word_1_346' title='bbox 145 3915 186 3974; x_wconf 87' lang='lat' dir='ltr'><strong>pe</strong></span> <span class='ocrx_word' id='word_1_347' title='bbox 204 3894 300 3972; x_wconf 90' lang='lat' dir='ltr'><strong>Libyci</strong></span> <span class='ocrx_word' id='word_1_348' title='bbox 325 3899 426 3958; x_wconf 87' lang='lat' dir='ltr'><strong>montis</strong></span> <span class='ocrx_word' id='word_1_349' title='bbox 455 3897 562 3956; x_wconf 86' lang='lat' dir='ltr'><strong>radices</strong></span> <span class='ocrx_word' id='word_1_350' title='bbox 589 3896 643 3956; x_wconf 95' lang='lat' dir='ltr'><strong>hoc</strong></span> <span class='ocrx_word' id='word_1_351' title='bbox 691 3901 809 3972; x_wconf 80' lang='lat' dir='ltr'><strong>vertice,</strong></span> <span class='ocrx_word' id='word_1_352' title='bbox 827 3899 857 3957; x_wconf 93' lang='lat' dir='ltr'><strong>iu</strong></span> <span class='ocrx_word' id='word_1_353' title='bbox 872 3917 927 3974; x_wconf 81' lang='lat' dir='ltr'><strong>quo</strong></span> <span class='ocrx_word' id='word_1_354' title='bbox 940 3895 1053 3973; x_wconf 86' lang='lat' dir='ltr'><strong>planum</strong></span> <span class='ocrx_word' id='word_1_355' title='bbox 1067 3893 1186 3971; x_wconf 85' lang='lat' dir='ltr'><strong>quadra·</strong></span> 
     </span>
     <span class='ocr_line' id='line_1_41' title="bbox 145 3977 1185 4063; baseline -0.004 -25"><span class='ocrx_word' id='word_1_356' title='bbox 145 3979 209 4039; x_wconf 90' lang='lat' dir='ltr'><strong>loco</strong></span> <span class='ocrx_word' id='word_1_357' title='bbox 229 3983 410 4060; x_wconf 86' lang='lat' dir='ltr'><strong>promontorii</strong></span> <span class='ocrx_word' id='word_1_358' title='bbox 431 3983 518 4042; x_wconf 85' lang='lat' dir='ltr'><strong>instar</strong></span> <span class='ocrx_word' id='word_1_359' title='bbox 530 3999 643 4059; x_wconf 84' lang='lat' dir='ltr'><strong>procur·</strong></span> <span class='ocrx_word' id='word_1_360' title='bbox 692 3983 802 4056; x_wconf 70' lang='lat' dir='ltr'><strong>tumde</strong></span> <span class='ocrx_word' id='word_1_361' title='bbox 816 3980 952 4063; x_wconf 86' lang='lat' dir='ltr'><strong>lapidibus</strong></span> <span class='ocrx_word' id='word_1_362' title='bbox 962 3979 1081 4052; x_wconf 81' lang='lat' dir='ltr'><strong>extimis,</strong></span> <span class='ocrx_word' id='word_1_363' title='bbox 1098 3977 1185 4036; x_wconf 89' lang='lat' dir='ltr'><strong>omui-</strong></span> 
     </span>
     <span class='ocr_line' id='line_1_42' title="bbox 145 4062 1184 4140; baseline -0.004 -17"><span class='ocrx_word' id='word_1_364' title='bbox 145 4073 211 4123; x_wconf 89' lang='lat' dir='ltr'><strong>ruut</strong></span> <span class='ocrx_word' id='word_1_365' title='bbox 226 4067 264 4124; x_wconf 88' lang='lat' dir='ltr'><strong>ad</strong></span> <span class='ocrx_word' id='word_1_366' title='bbox 283 4073 373 4125; x_wconf 90' lang='lat' dir='ltr'><strong>ortum</strong></span> <span class='ocrx_word' id='word_1_367' title='bbox 390 4066 557 4140; x_wconf 81' lang='lat' dir='ltr'><strong>burmalem,</strong></span> <span class='ocrx_word' id='word_1_368' title='bbox 579 4083 643 4124; x_wconf 86' lang='lat' dir='ltr'><strong>mox</strong></span> <span class='ocrx_word' id='word_1_369' title='bbox 693 4067 744 4126; x_wconf 90' lang='lat' dir='ltr'><strong>bus</strong></span> <span class='ocrx_word' id='word_1_370' title='bbox 761 4085 834 4130; x_wconf 86' lang='lat' dir='ltr'><strong>nanc</strong></span> <span class='ocrx_word' id='word_1_371' title='bbox 849 4064 970 4136; x_wconf 85' lang='lat' dir='ltr'><strong>avulsis,</strong></span> <span class='ocrx_word' id='word_1_372' title='bbox 1003 4064 1040 4122; x_wconf 91' lang='lat' dir='ltr'><strong>de</strong></span> <span class='ocrx_word' id='word_1_373' title='bbox 1062 4063 1134 4120; x_wconf 89' lang='lat' dir='ltr'><strong>ostio</strong></span> <span class='ocrx_word' id='word_1_374' title='bbox 1155 4062 1184 4120; x_wconf 91' lang='lat' dir='ltr'><strong>in</strong></span> 
     </span>
     <span class='ocr_line' id='line_1_43' title="bbox 144 4145 1185 4228; baseline -0.003 -21"><span class='ocrx_word' id='word_1_375' title='bbox 144 4149 246 4210; x_wconf 89' lang='lat' dir='ltr'><strong>iterum</strong></span> <span class='ocrx_word' id='word_1_376' title='bbox 278 4158 398 4228; x_wconf 81' lang='lat' dir='ltr'><strong>pergunt</strong></span> <span class='ocrx_word' id='word_1_377' title='bbox 429 4152 467 4212; x_wconf 88' lang='lat' dir='ltr'><strong>ad</strong></span> <span class='ocrx_word' id='word_1_378' title='bbox 500 4149 644 4212; x_wconf 88' lang='lat' dir='ltr'><strong>meridiem</strong></span> <span class='ocrx_word' id='word_1_379' title='bbox 692 4149 911 4225; x_wconf 84' lang='lat' dir='ltr'><strong>latereboreali,</strong></span> <span class='ocrx_word' id='word_1_380' title='bbox 940 4146 1126 4208; x_wconf 81' lang='lat' dir='ltr'><strong>dementibus</strong></span> <span class='ocrx_word' id='word_1_381' title='bbox 1140 4145 1185 4204; x_wconf 91' lang='lat' dir='ltr'><strong>in-</strong></span> 
     </span>
     <span class='ocr_line' id='line_1_44' title="bbox 145 4231 1186 4312; baseline -0.006 -18"><span class='ocrx_word' id='word_1_382' title='bbox 145 4252 244 4295; x_wconf 85' lang='lat' dir='ltr'><strong>versus</strong></span> <span class='ocrx_word' id='word_1_383' title='bbox 262 4235 373 4294; x_wconf 84' lang='lat' dir='ltr'><strong>Busirin</strong></span> <span class='ocrx_word' id='word_1_384' title='bbox 387 4243 416 4296; x_wconf 91' lang='lat' dir='ltr'><strong>et</strong></span> <span class='ocrx_word' id='word_1_385' title='bbox 427 4237 584 4308; x_wconf 88' lang='lat' dir='ltr'><strong>Saooaram,</strong></span> <span class='ocrx_word' id='word_1_386' title='bbox 599 4241 643 4293; x_wconf 90' lang='lat' dir='ltr'><strong>at·</strong></span> <span class='ocrx_word' id='word_1_387' title='bbox 694 4237 782 4296; x_wconf 85' lang='lat' dir='ltr'><strong>ternis</strong></span> <span class='ocrx_word' id='word_1_388' title='bbox 806 4241 892 4312; x_wconf 87' lang='lat' dir='ltr'><strong>atque</strong></span> <span class='ocrx_word' id='word_1_389' title='bbox 909 4234 1045 4294; x_wconf 86' lang='lat' dir='ltr'><strong>descensu</strong></span> <span class='ocrx_word' id='word_1_390' title='bbox 1066 4231 1104 4289; x_wconf 88' lang='lat' dir='ltr'><strong>ad</strong></span> <span class='ocrx_word' id='word_1_391' title='bbox 1124 4241 1186 4306; x_wconf 80' lang='lat' dir='ltr'><strong>cry·¹</strong></span> 
     </span>
    </p>
   </div>
   <div class='ocr_carea' id='block_1_4' title="bbox 144 4314 1187 4488">
    <p class='ocr_par' dir='ltr' id='par_1_4' title="bbox 144 4314 1187 4488">
     <span class='ocr_line' id='line_1_45' title="bbox 145 4314 1187 4399; baseline -0.004 -21"><span class='ocrx_word' id='word_1_392' title='bbox 145 4339 203 4397; x_wconf 85' lang='lat' dir='ltr'><strong>que</strong></span> <span class='ocrx_word' id='word_1_393' title='bbox 232 4321 270 4379; x_wconf 83' lang='lat' dir='ltr'><strong>ad</strong></span> <span class='ocrx_word' id='word_1_394' title='bbox 299 4319 402 4396; x_wconf 87' lang='lat' dir='ltr'><strong>Dasjur</strong></span> <span class='ocrx_word' id='word_1_395' title='bbox 430 4324 551 4382; x_wconf 85' lang='lat' dir='ltr'><strong>tendunt</strong></span> <span class='ocrx_word' id='word_1_396' title='bbox 577 4317 643 4380; x_wconf 88' lang='lat' dir='ltr'><strong>Nilo</strong></span> <span class='ocrx_word' id='word_1_397' title='bbox 692 4326 756 4399; x_wconf 82' lang='lat' dir='ltr'><strong>ptas</strong></span> <span class='ocrx_word' id='word_1_398' title='bbox 780 4321 989 4392; x_wconf 81' lang='lat' dir='ltr'><strong>subterraneas,</strong></span> <span class='ocrx_word' id='word_1_399' title='bbox 1013 4316 1051 4375; x_wconf 89' lang='lat' dir='ltr'><strong>de</strong></span> <span class='ocrx_word' id='word_1_400' title='bbox 1069 4314 1187 4374; x_wconf 80' lang='lat' dir='ltr'><strong>cadara·</strong></span> 
     </span>
     <span class='ocr_line' id='line_1_46' title="bbox 144 4399 1186 4488; baseline -0.003 -26"><span class='ocrx_word' id='word_1_401' title='bbox 144 4403 262 4485; x_wconf 83' lang='lat' dir='ltr'><strong>propius</strong></span> <span class='ocrx_word' id='word_1_402' title='bbox 275 4405 413 4466; x_wconf 84' lang='lat' dir='ltr'><strong>admotae.</strong></span> <span class='ocrx_word' id='word_1_403' title='bbox 442 4406 533 4488; x_wconf 79' lang='lat' dir='ltr'><strong>Rupis</strong></span> <span class='ocrx_word' id='word_1_404' title='bbox 546 4405 643 4466; x_wconf 86' lang='lat' dir='ltr'><strong>eadem</strong></span> <span class='ocrx_word' id='word_1_405' title='bbox 693 4405 768 4466; x_wconf 84' lang='lat' dir='ltr'><strong>ribus</strong></span> <span class='ocrx_word' id='word_1_406' title='bbox 790 4407 820 4464; x_wconf 91' lang='lat' dir='ltr'><strong>in</strong></span> <span class='ocrx_word' id='word_1_407' title='bbox 840 4409 925 4484; x_wconf 86' lang='lat' dir='ltr'><strong>puteo</strong></span> <span class='ocrx_word' id='word_1_408' title='bbox 940 4399 1091 4483; x_wconf 84' lang='lat' dir='ltr'><strong>pyramidis</strong></span> <span class='ocrx_word' id='word_1_409' title='bbox 1102 4405 1186 4477; x_wconf 84' lang='lat' dir='ltr'><strong>atquc</strong></span> 
     </span>
    </p>
   </div>
   <div class='ocr_carea' id='block_1_5' title="bbox 0 0 1528 5218">
    <p class='ocr_par' dir='ltr' id='par_1_5' title="bbox 0 0 1528 5218">
     <span class='ocr_line' id='line_1_47' title="bbox 0 0 1528 5218; baseline 0 3"><span class='ocrx_word' id='word_1_410' title='bbox 0 0 1528 5218; x_wconf 95' lang='lat' dir='ltr'><strong> </strong></span> 
     </span>
    </p>
   </div>
  </div>
 </body>
</html>
