3008 5172
430 435 496 502 08⁰
743 435 1100 500 flanono'rl

430 609 472 694 τῇ
492 606 626 674 ἑωυτῶν
647 603 779 672 ἔκαστοι
799 601 1059 678 willimarus
1078 603 1117 672 ἐν
1138 605 1230 694 ἱρῇσι
1248 601 1382 696 θήκῃσι.

407 722 478 805 θός
497 723 534 795 tt
556 723 664 805 αὕτως
689 730 763 814 τῇσι
785 725 862 794 κυσὶ
883 727 918 794 oi
937 725 1081 811 ἰχνευταὶ
1100 721 1297 794 θάπτονται.
1324 728 1384 809 τὰς

386 1043 460 1102 dinan
476 1039 591 1101 Metam.
611 1039 648 1113 V,
667 1044 731 1107 829
745 1039 807 1099 coll.
820 1035 880 1098 An·
930 1039 1037 1101 titionis
1059 1041 1108 1100 fidi
1136 1041 1203 1102 socii
1232 1042 1326 1104 sanese
1344 1063 1424 1106 canes

386 1133 444 1187 ton.
456 1124 551 1186 Liber.
569 1132 680 1186 metatu.
697 1127 805 1192 sab.28
821 1130 882 1184 tia·
928 1127 1096 1188 serebantur.
1137 1126 1171 1187 ln
1183 1128 1242 1187 eius
1260 1131 1305 1189 rei
1321 1151 1425 1191 mano-

384 1213 472 1271 ditum
486 1211 619 1290 legimus,
644 1215 725 1272 deam
740 1213 879 1290 inpugna
926 1212 997 1272 riam
1012 1213 1041 1271 in
1053 1213 1133 1272 laidis
1146 1214 1192 1272 die
1206 1215 1281 1274 sesto
1291 1235 1425 1295 pompm

385 1296 535 1377 Typhonia
556 1319 587 1360 se
602 1301 632 1358 in
644 1298 728 1359 selena
744 1299 879 1356 transtor-
927 1299 1068 1358 ducebant
1078 1318 1179 1373 canes,
1191 1301 1231 1358 uti
1242 1303 1341 1378 prodit
1352 1303 1425 1362 Dio-

383 1401 484 1444 massc.
926 1386 988 1443 dor.
1006 1385 1091 1444 Sicul
1118 1385 1195 1463 lcp.
1210 1389 1258 1450 87.
1295 1385 1342 1445 Ac
1364 1389 1424 1448 Nili

425 1465 478 1543 acic
489 1465 522 1532 tt
536 1463 632 1544 κύνας
653 1467 687 1531 ἓν
701 1470 742 1554 τῇ
755 1464 876 1529 ἑωυτῶν
925 1471 1073 1530 crescentia
1085 1476 1115 1530 et
1128 1489 1253 1531 annonae
1264 1470 1349 1530 idicin
1365 1477 1420 1534 aba

384 1552 504 1617 ἔκαστοι
517 1561 545 1617 ai.
559 1579 583 1616 τ.
598 1559 633 1628 L]
648 1555 742 1614 Canes
754 1573 875 1630 qnoque,
925 1551 1055 1616 Anubide
1085 1557 1202 1632 auguria
1221 1576 1314 1636 capere
1340 1559 1419 1619 anle-

383 1661 498 1718 quarnm
520 1642 575 1700 iam
597 1643 701 1701 mentio
721 1640 764 1714 ΙΙ,
784 1642 826 1705 66
844 1639 875 1697 in
925 1640 993 1699 bant
1007 1643 1174 1703 sacerdotes.
1200 1643 1288 1702 Siuiua
1301 1644 1416 1722 eiusque

382 1727 447 1801 fin,
468 1728 497 1786 in
523 1729 607 1786 sacris
628 1727 801 1785 habebantur
815 1725 875 1784 ani·
923 1745 1037 1804 praeses
1051 1728 1119 1786 deus
1132 1728 1255 1787 universi
1268 1730 1334 1788 anni
1348 1750 1417 1790 nun·

381 1813 514 1887 malibus,
540 1833 592 1872 nec
611 1813 734 1870 infimum
755 1810 809 1870 illic
827 1830 875 1869 oc·
922 1813 978 1872 tius
992 1819 1035 1874 est
1053 1813 1174 1872 babitus.
1217 1814 1265 1874 Ab
1282 1836 1318 1875 co
1339 1818 1420 1894 igitur

381 1900 521 1978 cupabant
538 1898 628 1957 locum
650 1905 767 1976 propter
788 1896 874 1954 ratio·
922 1898 994 1972 deo,
1015 1901 1243 1977 qni„quatenns
1259 1907 1357 1980 mente
1373 1905 1420 1961 cui

380 2004 432 2044 nes
455 1984 668 2057 asunnomicas,
698 2003 767 2060 quas
789 1983 872 2040 modo
921 1985 1082 2044 moderatur
1123 1984 1253 2044 insetiora
1311 1989 1420 2060 omnia,

380 2070 531 2146 attigimus.
579 2068 734 2143 „Proxime
768 2070 872 2142 monui,
923 2066 1045 2128 Tbotb-
1060 2070 1177 2131 Hernaes
1199 2071 1311 2145 dictus,
1338 2075 1421 2152 igitur

380 2155 552 2234 asolis,per
562 2155 643 2231 signa
658 2153 726 2214 caeli
740 2151 879 2230 insigniol
923 2155 959 2213 ab
974 2176 1007 2214 eo
1025 2156 1160 2234 quidquid
1167 2155 1277 2216 luminis
1292 2159 1311 2216 i.
1322 2181 1346 2220 e
1355 2179 1421 2219 con-

379 2259 411 2300 ra
426 2243 558 2316 meantis,
579 2259 674 2298 annuo
688 2240 755 2298 orbe
774 2239 826 2298 hac
843 2240 872 2298 in
924 2239 977 2298 silii
993 2241 1143 2318 salutisque
1160 2243 1188 2300 in
1203 2242 1314 2318 solem,
1336 2252 1420 2322 atque

378 2345 410 2387 re
426 2327 548 2406 pendere
561 2325 685 2405 plurima.
713 2324 808 2384 Solem
822 2344 873 2383 au·
922 2326 1019 2386 asole
1041 2330 1068 2386 in
1089 2326 1195 2402 lunam,
1219 2329 1347 2407 indeque
1361 2351 1421 2390 rur·

378 2417 434 2472 tem
447 2411 593 2490 Aegyptiis
609 2411 750 2470 osiridem
769 2410 871 2469 dictum
922 2430 970 2469 ans
985 2413 1013 2470 in
1029 2420 1127 2472 tenna
1139 2413 1279 2487 defluxit,
1301 2417 1332 2474 id
1348 2437 1420 2494 qno-

378 2516 440 2556 esse
454 2516 539 2576 supra
552 2498 703 2557 docuimus.
731 2495 795 2554 Hoc
809 2495 870 2554 luco
920 2499 1013 2557 tannis
1047 2504 1183 2575 tanquam
1217 2519 1251 2558 ex
1285 2503 1420 2578 puimauin

376 2581 443 2639 illud
462 2583 611 2641 addamus:
636 2581 775 2642 Osiridem
797 2581 869 2640 eola-
919 2583 999 2642 sonte
1016 2585 1161 2662 repetitur5
1192 2585 1231 2643 ita
1250 2591 1356 2659 tamen,
1379 2591 1416 2644 nt

375 2685 434 2726 rein
467 2667 635 2746 appellatum
660 2687 723 2727 esse
745 2666 868 2746 Σείριον
917 2665 981 2745 ipse
1003 2687 1075 2746 quac
1094 2671 1195 2729 mentis
1224 2676 1284 2728 sunt
1308 2671 1414 2750 imper-

375 2751 464 2827 (conf.
482 2752 618 2810 Plutarch.
640 2753 676 2812 (le
696 2753 731 2810 la.
752 2761 781 2812 et
792 2753 866 2812 Osir.
917 2753 985 2826 tiat,
1001 2757 1115 2831 quaein
1129 2756 1313 2816 communibus
1327 2758 1412 2816 bonis

374 2857 403 2916 p.
419 2841 483 2903 372
500 2858 523 2896 a.
545 2836 608 2902 525
625 2827 867 2916 Wyttenbmn
918 2849 1083 2916 censentur,
1105 2860 1138 2901 ea
1160 2841 1345 2901 omnialsidia
1366 2863 1415 2902 ar-

374 2923 475 2982 codem
512 2921 587 2982 Sirio
612 2923 737 2982 babitare
766 2924 866 2984 lsidcm
916 2921 999 2981 bitrio
1023 2933 1109 3003 atque
1129 2928 1249 2986 Osiridis
1269 2929 1324 2986 sint
1338 2949 1415 2988 ccm-

374 3008 458 3068 cliam
478 3008 617 3068 docebant
634 3007 767 3087 Aegyptii
795 3009 866 3085 (vid.
916 3007 1011 3067 minsa.
1053 3010 1150 3089 ltaque
1172 3012 1249 3072 idern
1267 3011 1312 3072 illc
1331 3013 1415 3072 latra-

373 3093 578 3174 inscn’ptionem
609 3095 685 3172 apud
711 3094 867 3155 Diodorum
916 3098 963 3152 tor
977 3093 1100 3170 Anubis,
1121 3096 1152 3154 in
1165 3099 1238 3158 coeli
1250 3099 1362 3176 lastigie
1377 3118 1413 3157 ac

373 3179 421 3238 lib.
433 3179 446 3238 l
460 3184 569 3260 cap.27
581 3183 659 3258 p.31
674 3179 866 3257 wesseling).
916 3182 997 3257 quasi
1015 3178 1127 3258 specula
1150 3182 1282 3260 locatus,
1310 3185 1416 3262 sagaci-

372 3265 506 3326 Habebat
531 3272 623 3324 autem
642 3264 765 3325 canicula
786 3267 865 3325 binas
916 3269 974 3324 tate
993 3266 1043 3323 sua
1061 3267 1207 3344 praecellit
1223 3271 1342 3346 reliquas
1363 3270 1416 3328 be·

372 3351 465 3410 atellae
488 3350 674 3428 praecaeteris
695 3350 866 3430 splendidas,
917 3351 982 3408 etias
997 3369 1112 3426 omnen,
1135 3353 1213 3413 velut
1231 3353 1415 3429 sagacissima

371 3434 486 3494 alteram
498 3437 526 3494 in
541 3437 647 3515 capite,
669 3455 751 3512 quam
764 3437 865 3496 laidem
913 3434 1002 3493 bestia
1016 3438 1258 3498 canis.“Creiner.
1270 3437 1412 3499 incanam.

369 3521 529 3595 vocabant,
563 3521 592 3580 in
630 3521 726 3598 lingua
751 3523 865 3582 alteram
912 3518 1041 3581 Herodd.
1062 3541 1092 3601 p.
1109 3522 1170 3589 149
1190 3541 1247 3598 seq.
1289 3520 1337 3582 De
1358 3523 1415 3582 bo·

371 3603 445 3664 Sitti
462 3608 574 3666 nomine
592 3607 727 3684 insignem
748 3607 866 3683 (confer
912 3623 982 3665 nore
996 3627 1093 3666 canum
1109 3607 1180 3685 apud
1198 3603 1412 3685 Aegyptios'cl'.

368 3689 510 3750 Iablnnslu.
525 3690 624 3750 Pantb.
640 3691 709 3768 Aeg.
730 3691 756 3751 ll
779 3714 806 3772 p.
821 3692 864 3759 34
912 3689 1052 3751 Plutarch.
1072 3691 1272 3752 delcetOsir.
1290 3713 1320 3771 p.
1335 3683 1413 3769 868,

369 3775 473 3851 aequ).
515 3775 575 3835 Iam
591 3795 673 3836 nemo
692 3779 794 3854 nescit,
816 3798 864 3837 ca·
912 3773 990 3836 Fet
1006 3778 1117 3838 Diodor.
1134 3775 1184 3832 ll
1220 3775 1288 3836 Nec
1309 3781 1413 3838 mirum

368 3859 474 3919 niculae
508 3861 587 3938 quasi
623 3861 765 3920 dominum
800 3883 875 3924 ease·
912 3861 997 3920 multa
1006 3882 1099 3922 canum
1107 3859 1247 3920 cadavera
1259 3863 1336 3923 bene
1349 3885 1412 3923 me-

367 3945 530 4020 Anubidem,
552 3945 610 4004 sive
623 3941 804 4020 Mercnnicm,
816 3967 875 4010 ca-,
912 3947 1008 4006 dicata
1024 3949 1049 4005 in
1063 3947 1167 4023 cryptis
1182 3946 1272 4006 fuisse
1285 3955 1409 4026 reperta.

367 4030 435 4089 niun
448 4031 538 4110 capite
556 4030 686 4108 imposito
701 4031 860 4107 notabilem,
911 4030 977 4090 Vid.
991 4030 1104 4092 lonarcl.
1122 4030 1172 4090 l.l
1192 4037 1221 4090 et
1232 4032 1314 4110 plura
1329 4035 1411 4111 apud

366 4115 385 4174 i.
405 4135 430 4176 e.
452 4133 514 4175 eum
535 4115 639 4192 deum,
670 4117 717 4195 qui
736 4115 804 4176 Isidi
832 4124 862 4178 et
910 4115 1074 4177 Rcinbardt
1093 4116 1124 4175 in
1141 4117 1209 4176 (lisa.
1223 4115 1298 4175 lauil.
1322 4117 1409 4196 p.15

367 4200 472 4260 Osiridi
493 4199 524 4257 in
551 4203 626 4260 omni
648 4202 722 4261 vitae
751 4203 859 4262 actione
911 4223 971 4279 seq.
1014 4201 1097 4282 Apud
1110 4201 1229 4262 Latinae
1250 4202 1316 4262 binc
1331 4204 1412 4262 inve-

365 4285 462 4360 adeat,
483 4292 512 4345 et
525 4287 613 4348 necati
625 4286 671 4345 dci
681 4305 783 4366 corpus
801 4293 858 4346 stn-
908 4289 983 4347 nitur
996 4287 1112 4348 latrator
1123 4287 1245 4364 Anubis,
1266 4293 1299 4347 ut
1312 4294 1410 4347 monet

365 4370 445 4430 diosa
464 4370 577 4448 inquirit
593 4391 626 4432 ac
648 4371 700 4432 rite
717 4372 858 4434 conditum
906 4369 1076 4435 Larcbarua.

365 4454 402 4514 ad
419 4453 516 4518 Nilum
527 4456 626 4519 (ἱεῖσι
668 4456 755 4519 cun
763 4457 857 4539 inqui-
951 4455 994 4534 οἷς
1016 4455 1051 4522 tt
1074 4452 1176 4534 αὕτως
1194 4458 1263 4544 τῇσι
1282 4452 1354 4519 nuci
1374 4453 1411 4518 ni
