3008 5172
439 419 835 482 nutantum
1041 421 1108 486 ωδ

119 585 398 676 ιταριχενθὲνιες
425 585 462 656 ἐν
491 584 661 674 Boudeion
684 585 770 656 xdie.
807 583 868 667 wic
889 585 925 656 di
944 581 1051 668 κύνας
1072 585 1109 656 ἐν

100 860 172 934 poet
189 853 276 912 vitam
291 852 373 926 ratio,
386 856 418 911 ut
429 852 530 912 eodem
541 869 603 911 mo-
652 870 709 930 qne
724 851 808 910 moris
827 849 1046 928 intelligentiam.
1088 847 1152 909 Atia

103 943 162 1013 do,
184 958 241 1015 quo
260 939 313 1016 ipsi
335 938 476 1013 homiues,
498 938 602 996 conde-
653 937 710 996 auia
724 955 851 1014 quaeque
867 935 933 995 locis
948 935 1151 995 adnotabimus.

102 1031 205 1084 rentur
218 1043 331 1101 ωιιιριιε
345 1023 378 1081 iia
391 1024 602 1083 etiamcomrnu·
652 1021 763 1081 Monuit
781 1021 854 1080 idenr
874 1021 906 1080 V.
928 1021 965 1080 D.
988 1023 1025 1081 de
1051 1021 1094 1080 bio
1122 1021 1152 1080 iu

104 1111 135 1169 ni
166 1110 299 1168 domicilio
329 1109 410 1186 quasi
430 1115 496 1188 post
516 1109 602 1166 titani
651 1107 921 1187 symbol.1p.478
942 1113 1152 1184 etanteuquo-

105 1197 291 1272 iungerentur.
335 1195 420 1253 conf.
441 1195 540 1270 Zoi'ega
565 1194 601 1255 de
653 1215 708 1272 que
723 1195 794 1252 binis
816 1193 1010 1270 scriptionibus
1030 1194 1084 1252 boc
1105 1211 1152 1251 ar-

107 1282 236 1340 obdiscc.
261 1299 327 1362 pag.
350 1283 414 1346 288
437 1301 517 1358 seqq.
560 1280 604 1338 Ac
653 1277 1152 1358 gumentumpersecutuseratLang-

105 1374 266 1445 repererunt
278 1369 329 1426 vin'
341 1367 416 1425 docti
433 1368 529 1443 utique
542 1385 603 1424 ma·
654 1366 740 1443 gum:
752 1364 784 1422 de
796 1364 1152 1442 bertr'trdegpptr'orurnrtu-

102 1472 187 1529 gnam
222 1453 413 1514 huiuscemodi
440 1453 605 1511 murniarum
653 1452 700 1510 dr'o
717 1453 847 1509 convenia
869 1452 899 1508 in
918 1454 1049 1524 numios,
1075 1449 1152 1508 Vite-

102 1540 214 1616 eopiam
224 1559 277 1617 per
296 1539 389 1598 varias
404 1536 525 1617 Aegypti
539 1555 605 1616 par·
654 1540 732 1614 berg.
744 1537 836 1608 1808,
857 1540 902 1594 et:
924 1534 957 1593 de
971 1537 1076 1594 numito
1088 1538 1151 1594 uoi-

100 1629 167 1696 tm,
197 1623 347 1702 praecipue
372 1624 400 1681 in
420 1622 605 1702 blemphiticis
654 1641 700 1682 um
713 1626 743 1680 ιἰι
762 1619 915 1698 labyrintho
930 1619 1003 1699 apud
1020 1619 1153 1680 Securum

103 1708 290 1783 regionibns,
312 1708 357 1766 ubi
371 1707 605 1786 plurimaeauium
654 1711 780 1788 repertis,
802 1707 943 1782 Viteberg.
961 1707 1053 1772 1803.
1082 1706 1153 1774 Qui-

108 1811 251 1852 aacrarum
278 1801 341 1852 sunt
367 1796 501 1870 momine,
528 1800 558 1854 ct
575 1793 605 1851 in
655 1797 707 1855 bus
721 1794 788 1852 add.
804 1789 826 1849 1.
839 1792 1017 1852 Reinhardt.:
1032 1789 1152 1869 dequin-

109 1879 262 1938 'l'hebaicis
272 1879 376 1957 cryptis
385 1879 523 1938 Guilomm
537 1899 606 1957 ope·
657 1899 706 1960 que
730 1894 835 1938 nunu.
859 1878 1004 1936 beatiorum
1024 1877 1152 1954 Aegyptt.

107 1965 357 2024 rbaccuratissime
373 1964 523 2044 descriptis.
541 1965 606 2022 Vid
655 1965 783 2025 Hauniae
816 1962 922 2036 1824,
965 1969 995 2022 et
1022 1962 1152 2022 Minoidi

105 2051 235 2126 Rouyer.
258 2051 287 2107 in
312 2051 444 2126 descript„
471 2053 507 2110 de
528 2049 605 2126 l'Eg.
655 2049 817 2126 Nachtriige
830 2065 866 2107 au
881 2069 904 2108 ε.
916 2047 1003 2109 Reice
1014 2068 1080 2129 pag.
1087 2049 1151 2115 225

106 2135 211 2196 livr.X
233 2155 262 2213 p.
279 2139 341 2201 219
364 2153 425 2210 aeq.
448 2143 476 2194 et
488 2136 606 2195 lomard.
655 2155 734 2215 reqq.

108 2223 126 2281 i.
141 2221 161 2280 l.
176 2221 231 2279 vol.
242 2220 255 2279 i
272 2221 327 2279 livr.
345 2220 371 2279 li
391 2219 605 2300 surieabypog.
697 2215 1154 2301 cupapaudivussbdacri-

106 2310 147 2368 de
160 2307 255 2366 Theb.
269 2315 334 2366 sect.
347 2303 419 2385 X§.
434 2311 534 2385 δρας
542 2309 604 2372 847
655 2309 753 2367 bamus
767 2305 886 2366 Diodori
898 2304 1039 2379 locrunl
1060 2307 1102 2370 88
1117 2307 1154 2366 de

106 2411 192 2471 seqq.
220 2392 340 2466 (recueil
353 2392 389 2451 de
406 2394 489 2452 mem
501 2413 530 2471 p
543 2395 605 2457 813
654 2392 795 2453 hismeria
810 2385 1154 2454 ΙιεειὶοΙῐειόεανᾶἀπο.

108 2477 282 2556 aeqq..)coil
298 2479 405 2536 Silveet
420 2479 457 2538 de
473 2479 549 2554 Socy
569 2479 606 2536 ad
655 2474 744 2562 θάνῃ
768 2500 819 2551 τι,
846 2469 964 2539 σινδόνι
988 2469 1155 2539 κατακαλύ-

110 2563 251 2623 Abdallflt·
275 2583 304 2642 p
328 2569 397 2630 202.
415 2569 487 2630 277
532 2561 606 2624 Nam
656 2579 772 2665 ψανιες
800 2561 852 2625 καὶ
876 2584 929 2643 μετ
929 2552 1092 2662 ὀἰμωγῆς
1117 2557 1155 2624 ni

107 2651 284 2728 reperiuntur
309 2655 338 2709 et
361 2651 558 2730 quadrupedes
579 2654 606 2708 et
658 2643 760 2731 στήθη
787 2643 1071 2728 καταπληξάμενοι,
1100 2646 1154 2728 tpi-

108 2755 174 2794 aveo
196 2740 226 2796 et
238 2733 351 2814 reptilia
370 2738 531 2796 mumianun
555 2735 608 2794 bu·
658 2753 765 2818 ρονσιν
778 2731 869 2808 εἰς
832 2757 887 2808 τας
901 2736 1061 2840 ταριχείας·
1076 2734 1154 2798 ἔπει-

109 2839 253 2879 manarum
282 2821 311 2879 in
340 2823 457 2881 modurn
478 2823 607 2892 eondita3
658 2843 695 2884 ro
711 2815 1030 2904 dapunevdivcuv'
990 2825 1092 2884 αντῶν
1107 2843 1154 2884 ιιε-

110 2923 186 2982 quae
204 2906 348 2964 conditura
363 2925 423 2965 non
439 2907 552 2966 inferior
564 2913 609 2965 eat
659 2907 731 2991 δρία
746 2929 799 2970 και
788 2901 1116 2986 roicdvvupivotc’
1081 2929 1155 2970 ενοι-

110 2991 255 3050 hominum
276 2991 420 3051 condituri
440 3010 493 3050 uec
519 2991 609 3050 medi·
660 2993 730 3054 δίαν
768 2990 953 3094 παρέχεσθαι
981 2991 1035 3054 καὶ
1064 2997 1156 3054 παλα-

111 3077 268 3148 αειιιειιιὶε,
277 3079 440 3136 aromatibus
441 3077 610 3155 ,necoperir
659 3071 784 3181 χρόνιον
798 3081 853 3139 τοῦ
868 3072 1155 3180 σώματαςνήρησιν,

111 3161 255 3234 adbibita,
276 3178 366 3235 neque
378 3182 442 3222 aero
454 3161 611 3222 involucro-
660 3157 835 3226 &aaronem
862 3161 931 3225 tot
918 3163 1013 3244 ἱεραῖς
1032 3156 1156 3240 θήκαις.

112 3267 192 3322 rum,
218 3246 368 3306 fasciarum
390 3253 439 3306 etc
463 3253 611 3328 praestan-
660 3250 828 3310 Invenerunt
841 3255 933 3308 autem
950 3249 1024 3308 docti
1039 3247 1156 3306 Gallim

112 3334 162 3390 tia.
207 3332 285 3400 Quin
311 3330 384 3388 adeo
408 3334 512 3394 obtinet
537 3333 611 3391 inter
660 3335 808 3395 Tbebaicis
824 3331 984 3394 conditoriis
997 3333 1098 3392 multas
1106 3332 1156 3411 se-

113 3417 265 3476 bestiarum
285 3417 403 3474 mumius
415 3419 511 3478 eadem
525 3425 610 3495 atque
661 3420 726 3481 lium
739 3421 864 3480 mumius.
892 3419 956 3480 Vni.
968 3419 1088 3480 lomard.
1105 3418 1122 3479 Ι.
1137 3417 1155 3478 i.

114 3502 188 3562 inter
196 3501 331 3561 humanas
351 3502 466 3561 mruniaa
482 3504 610 3564 differen-
661 3514 691 3568 et
702 3513 772 3566 nott.
788 3507 825 3564 ad
839 3503 882 3579 11,
898 3509 949 3570 66.

114 3588 171 3663 tia,
191 3595 223 3646 ut
242 3608 306 3647 nc
328 3587 449 3646 maximo
464 3597 552 3648 sumtu
565 3609 611 3647 or·
704 3591 737 3654 ἐν
765 3584 967 3671 Boudeion
996 3581 1085 3668 atta]
1110 3588 1157 3651 De

115 3679 303 3750 nameutoque
325 3673 439 3732 condita
460 3674 517 3732 aiut
529 3677 611 3733 cada-
660 3676 713 3736 bac
727 3679 795 3737 urbe
806 3677 860 3736 vid
878 3695 961 3755 supra
976 3675 1019 3750 ΙΙ,
1036 3679 1086 3742 60.
1114 3676 1157 3734 Ac

115 3776 183 3816 vera
210 3759 295 3816 ibium
323 3767 409 3835 atque
444 3759 609 3836 accipitrum.
661 3765 747 3822 refert
761 3763 814 3822 huc
828 3763 903 3822 urbia
918 3780 1021 3820 nomen
1034 3759 1164 3841 stepha-r

115 3841 284 3920 Magnorum
298 3863 364 3904 vero
377 3844 535 3904 animalium
547 3852 611 3904 sunt
661 3868 713 3908 uus
726 3849 898 3927 Byzantinus
919 3848 971 3906 rub
988 3866 1059 3922 voc,
1081 3845 1157 3922 quod

116 3947 176 3987 nou
200 3930 309 4006 integra
334 3931 469 3990 cadavera
490 3931 611 4002 condita,
657 3932 741 4011 selem
766 3934 900 3995 denotare
923 3931 1025 3991 scribit
1067 3930 1157 3988 Dubi-

119 4014 275 4092 aedpartea
289 4019 478 4076 tantumodo
497 4014 613 4092 aliquot,
662 4023 705 4076 tat
739 4017 945 4096 quodammodo
983 4014 1157 4092 Champodio

117 4117 185 4156 oasa
197 4101 358 4179 praecipue,
379 4102 510 4181 imposito
522 4103 614 4179 capite
664 4101 799 4181 (l'Egypt.
814 4120 879 4161 sous
892 4101 910 4161 l.
924 4101 1001 4180 phar.
1015 4099 1042 4160 11
1054 4101 1157 4180 pot),

116 4183 232 4243 factitio.
251 4185 394 4246 Sufficiant
405 4187 483 4262 baec,
495 4206 512 4246 e
524 4184 614 4246 Creu·
662 4187 706 4246 cui
720 4204 738 4244 a
750 4190 860 4247 omnine
870 4185 1044 4262 Aegyptiace
1056 4201 1158 4243 nomeu

117 4269 177 4330 aeri
207 4277 391 4331 commentatt
427 4269 614 4330 Herodotti
661 4273 738 4332 urbia
751 4270 899 4331 deductum
914 4267 1157 4330 mevemmtltm

116 4373 146 4435 p-
160 4353 223 4420 147
238 4375 318 4434 seqq·
334 4358 396 4421 168
408 4375 468 4434 aeq.
483 4355 613 4435 deprom·
660 4358 777 4418 videbor.
806 4355 852 4414 Ad
865 4354 960 4417 felium
978 4352 1079 4414 cultum
1093 4371 1159 4432 pet·

116 4445 184 4520 pta,
203 4441 243 4501 ad
263 4441 461 4502 accuratiorem
481 4441 544 4502 miri
559 4441 613 4502 uti·
662 4440 751 4502 tinere
763 4440 885 4513 nidmu,
905 4436 983 4517 qma
999 4437 1077 4517 apud
1088 4437 1158 4498 ovi-
