2990 5228
423 373 491 434 An
534 359 821 434 HunouoT‘.
850 363 893 449 li,
920 373 950 440 5.
1199 365 1265 438 Uib

113 546 217 608 vuriuri
235 563 287 625 pro
306 544 382 604 varie
402 544 487 623 ipsius
502 550 593 604 seme
614 544 727 622 indole,
747 544 788 604 itu
810 549 856 620 ut,
884 563 946 603 cum
960 541 1046 603 multo
1065 543 1154 603 maior
1172 549 1263 604 terrae

115 652 199 728 copie
213 649 243 707 iu
255 646 387 726 Aegypto
401 646 524 705 iuleuiori
541 647 623 711 luerit
642 647 777 725 adgestu,
799 647 868 705 baec
888 646 967 724 regio
984 647 1073 706 senius
1094 665 1177 724 quum
1199 645 1264 706 reli-

114 771 192 831 quae
214 749 336 830 Aegypti
353 754 448 829 pentes
467 754 533 809 uate
551 749 636 810 luisse
656 750 692 809 sit
717 749 864 809 censenda.
912 746 1015 826 Neque
1035 750 1160 828 effugere
1177 769 1263 830 posse

114 855 256 915 sollertem
274 859 391 912 natiuae
415 858 610 928 scrutatorem,
644 851 735 929 aliquo
754 857 897 930 tempore,
923 851 1047 928 quumvis
1070 852 1262 926 remotissimo,

115 977 180 1018 eum
194 963 314 1030 utrem,
335 971 409 1032 quae
423 973 497 1014 nuuc
510 953 595 1014 Deltu
609 952 782 1034 appelletur,
804 954 927 1012 noudum
940 954 1091 1028 exstitisse,
1113 953 1262 1034 postmodo

114 1062 228 1120 demum
240 1065 329 1118 ortum
342 1062 399 1115 tum
413 1055 506 1146 limus
520 1075 605 1134 quem
615 1056 717 1116 fluvius
731 1055 889 1144 advexen't,
910 1061 969 1114 tuni
989 1075 1055 1116 vero
1068 1056 1151 1116 etium
1167 1057 1262 1128 uene,

114 1182 203 1242 quum
218 1162 293 1220 idem
306 1178 398 1218 seeum
412 1158 505 1218 tulerit
522 1160 622 1218 fluvius
636 1159 768 1236 ventique
783 1139 920 1216 adfluunt
965 1157 1022 1227 Qui
1040 1159 1113 1220 euim
1133 1159 1163 1217 iu
1177 1178 1262 1238 supe·

115 1267 235 1326 rioribus
247 1261 369 1339 Aegypti
381 1259 542 1338 regionibus
553 1265 669 1341 propter
683 1257 840 1321 celerinrem
853 1255 932 1320 fluvii
948 1280 1058 1321 cursum
1073 1255 1263 1339 uleiooemque

116 1370 252 1428 undenum
263 1365 318 1425 vim
333 1364 484 1422 subsistere
500 1362 576 1422 bend
595 1362 718 1454 putuerit
736 1360 832 1441 limus,
852 1381 916 1426 eum
932 1365 961 1423 iu
983 1364 1107 1424 inferiori
1120 1361 1261 1442 Aegypto,

115 1471 166 1530 ubi
178 1468 253 1526 fluvii
265 1467 351 1526 esitus
368 1466 398 1524 in
411 1483 504 1537 mure,
526 1464 677 1525 subsistere
693 1483 807 1526 neeesse
824 1466 928 1543 fuisse,
948 1467 1032 1526 fluvio
1051 1467 1156 1526 seilicet
1170 1468 1261 1526 minus

119 1555 219 1649 rapido
231 1587 282 1628 nen
300 1567 391 1628 lunum
406 1567 519 1627 ulterius
537 1565 639 1627 vehere
654 1567 770 1627 valente.
814 1567 885 1627 Cum
905 1570 988 1646 igitur
1010 1570 1104 1629 medio
1124 1571 1153 1629 iu
1176 1569 1261 1628 fluvio

119 1670 177 1731 limi
188 1677 216 1732 et
231 1689 332 1730 urenae
349 1670 429 1750 copie
450 1670 619 1730 substitisset
636 1669 744 1748 paludis
764 1671 802 1729 nd
820 1673 910 1730 iustur
930 1679 979 1731 unt
998 1679 1123 1749 syrteos,
1144 1689 1261 1730 necesse

119 1773 229 1832 fluvium
249 1772 380 1833 usseesrt
399 1773 430 1830 in
450 1773 507 1830 dut
528 1771 656 1847 brachiu,
678 1790 752 1850 quse
767 1768 897 1852 pnbdun
917 1795 939 1834 s.
961 1765 1089 1852 stagnum
1108 1773 1137 1830 iu
1159 1778 1261 1833 terram
1307 1815 1313 1835 ,

114 1873 305 1936 eontinettteui
322 1871 454 1954 puulntuln
468 1883 630 1934 conversum
649 1877 778 1953 utrinque
800 1871 979 1935 includerent.
1021 1875 1096 1936 istnc
1116 1875 1183 1936 bine
1203 1871 1261 1932 Nili

114 1979 189 2038 ostiu
201 1973 546 2058 ptimitiun,¹Cunopimm'
555 1984 585 2038 et
594 1973 785 2052 Pelusiucntn¹3
799 1979 835 2038 de
847 1979 947 2056 quibus
959 1978 1015 2038 uid.
1030 1985 1101 2042 nott.
1114 1978 1150 2037 ud
1160 1977 1196 2051 ll,
1211 1979 1260 2041 17.

111 2079 226 2139 Atidium
243 2081 383 2157 denique,
410 2089 484 2159 qui'e
496 2082 526 2140 in
548 2083 665 2144 eundem
687 2093 746 2141 rem
767 2089 870 2142 munet¹
887 2081 1002 2144 Dureau
1021 2083 1058 2142 ‹l'e
1076 2081 1104 2140 ls
1124 2077 1210 2139 lllnlle
1231 2078 1260 2135 iu

113 2183 269 2262 ge'ogcnpln.
285 2183 423 2262 physique
437 2184 475 2244 de
495 2183 524 2242 lu
542 2201 602 2243 mer
623 2183 701 2244 noire
722 2203 750 2263 p.
766 2183 809 2250 42
828 2203 906 2262 seqq.
929 2184 989 2244 coll.
1004 2187 1127 2260 wseq:
1141 2181 1183 2248 25
1199 2199 1259 2257 seq.

112 2284 185 2346 Tria
204 2284 250 2346 ille
273 2287 452 2365 potissimum*
466 2283 599 2364 distingui
618 2285 678 2345 vult
697 2286 727 2344 in
747 2286 808 2346 solo
826 2285 964 2346 inlusione*
979 2277 1116 2366 lle'gyptlt
1141 2285 1261 2364 primum

111 2388 222 2466 lapides
240 2406 274 2447 ue
288 2407 355 2448 saxu
367 2389 498 2465 aientia,
521 2390 626 2448 dudum
646 2393 720 2465 ‹juue
737 2387 925 2465 inuenerint,
945 2399 998 2450 neu
1011 2389 1086 2449 flttvii
1107 2383 1261 2447 uelluvionl-

114 2489 167 2547 bus
182 2495 274 2548 ortum
286 2489 423 2564 debeunt3
443 2493 508 2552 dein
520 2490 634 2552 erenum
647 2491 808 2566 advectum
830 2499 888 2552 tum
902 2493 978 2552 flulti
992 2492 1104 2565 lituum,
1126 2507 1182 2567 quo
1201 2505 1261 2546 mn·
1314 2520 1318 2528 ·

113 2602 171 2668 gun
185 2589 269 2649 musis
284 2593 475 2672 purs'expletu
487 2593 588 2668 uuit,
610 2593 760 2653 accedente
783 2593 863 2652 siusul
884 2585 1003 2654 urenu'u
1013 2583 1177 2653 veutis'buc
1193 2608 1261 2650 eon·

113 2696 195 2769 lietu,
218 2699 249 2754 et
268 2695 460 2755 cobibentibus
481 2696 535 2755 illis
555 2696 644 2770 suxis,
666 2713 739 2773 quae
761 2696 851 2758 adhuc
870 2696 900 2755 iu
921 2691 1046 2756 litnlibus
1067 2692 1260 2754 Alexandrinis

113 2796 341 2874 sintcnnspiubu,
360 2799 496 2859 undarum
518 2799 601 2859 unu
624 2797 783 2859 uiuentium
795 2799 868 2875 vim,
889 2809 945 2877 quo
966 2798 1073 2859 lucilius
1092 2795 1172 2855 limus
1194 2794 1260 2854 sub-

113 2898 212 2957 sistenti
226 2899 298 2956 etin
310 2907 412 2959 tet'runi
424 2903 543 2962 evanue
559 2902 689 2979 putuetit
731 2900 804 2960 Eunt
822 2902 908 2978 igltur
926 2902 1068 2978 regionem
1089 2914 1186 2959 retus
1206 2911 1259 2976 pm

112 2998 171 3059 Nill
189 2999 265 3057 diluo
277 3017 341 3059 esse
355 3001 527 3078 babendum,
551 3009 620 3062 enm'
630 3003 733 3062 indies
745 3002 791 3062 illu
804 3001 862 3061 Nili
884 3002 1109 3061 inundationibus
1122 3005 1260 3077 nugeutur

113 3108 144 3161 et
162 3107 275 3162 crescet.
318 3103 363 3162 De
384 3106 457 3164 saxis
475 3105 550 3181 illis,
579 3123 652 3184 quae
680 3105 796 3166 multum
815 3103 975 3178 valuerint,
1001 3103 1125 3164 Ritterus
1146 3111 1259 3181 qnoque

113 3209 209 3263 munet
226 3223 292 3284 pug.
306 3205 369 3272 855
383 3205 400 3266 l.
413 3207 431 3265 l.
