<?xml version="1.0" encoding="UTF-8"?>
<!DOCTYPE html PUBLIC "-//W3C//DTD XHTML 1.0 Transitional//EN"
    "http://www.w3.org/TR/xhtml1/DTD/xhtml1-transitional.dtd">
<html xmlns="http://www.w3.org/1999/xhtml" xml:lang="en" lang="en">
 <head>
  <title>
</title>
<meta http-equiv="Content-Type" content="text/html;charset=utf-8" />
  <meta name='ocr-system' content='tesseract 3.04.00' />
  <meta name='ocr-capabilities' content='ocr_page ocr_carea ocr_par ocr_line ocrx_word'/>
</head>
<body>
  <div class='ocr_page' id='page_1' title='image "./herodotimusae00herogoog_0807.png"; bbox 0 0 3048 5218; ppageno 0'>
   <div class='ocr_carea' id='block_1_1' title="bbox 455 443 1124 512">
    <p class='ocr_par' dir='ltr' id='par_1_1' title="bbox 455 443 1124 512">
     <span class='ocr_line' id='line_1_1' title="bbox 455 443 1124 512; baseline 0.006 -4"><span class='ocrx_word' id='word_1_1' title='bbox 455 443 779 508; x_wconf 77' lang='lat' dir='ltr'><strong>EU&#39;I&#39;ERPE.</strong></span> <span class='ocrx_word' id='word_1_2' title='bbox 814 445 850 506; x_wconf 88' lang='lat'><strong>11.</strong></span> <span class='ocrx_word' id='word_1_3' title='bbox 1058 447 1124 512; x_wconf 73' lang='grc' dir='ltr'><strong>*λδδ</strong></span> 
     </span>
    </p>
   </div>
   <div class='ocr_carea' id='block_1_2' title="bbox 11 599 1168 1180">
    <p class='ocr_par' dir='ltr' id='par_1_2' title="bbox 11 599 1168 698">
     <span class='ocr_line' id='line_1_2' title="bbox 11 599 1168 698; baseline 0 -24"><span class='ocrx_word' id='word_1_4' title='bbox 11 616 34 654; x_wconf 66' lang='lat'><strong>³⁸·</strong></span> <span class='ocrx_word' id='word_1_5' title='bbox 128 611 292 690; x_wconf 81' lang='grc' dir='ltr'><strong><em>4δονλος</em></strong></span> <span class='ocrx_word' id='word_1_6' title='bbox 312 609 347 679; x_wconf 70' lang='grc' dir='ltr'><strong>δὲ</strong></span> <span class='ocrx_word' id='word_1_7' title='bbox 368 609 530 680; x_wconf 74' lang='grc' dir='ltr'><strong><em>Αλσάνον</em></strong></span> <span class='ocrx_word' id='word_1_8' title='bbox 551 615 612 680; x_wconf 81' lang='grc' dir='ltr'><strong>σοῦ</strong></span> <span class='ocrx_word' id='word_1_9' title='bbox 630 615 821 698; x_wconf 73' lang='grc' dir='ltr'><strong><em>λογοποιοῦ.</em></strong></span> <span class='ocrx_word' id='word_1_10' title='bbox 859 610 917 680; x_wconf 70' lang='lat' dir='ltr'><strong>noi</strong></span> <span class='ocrx_word' id='word_1_11' title='bbox 937 607 1001 698; x_wconf 73' lang='grc' dir='ltr'><strong>γάρ</strong></span> <span class='ocrx_word' id='word_1_12' title='bbox 1024 599 1168 692; x_wconf 78' lang='grc' dir='ltr'><strong><em>οὖιοςσσ</em></strong></span> 
     </span>
    </p>

    <p class='ocr_par' dir='ltr' id='par_1_3' title="bbox 11 726 1121 821">
     <span class='ocr_line' id='line_1_3' title="bbox 11 726 1121 821; baseline -0.002 -23"><span class='ocrx_word' id='word_1_13' title='bbox 11 739 34 776; x_wconf 69' lang='lat'><strong>²-</strong></span> <span class='ocrx_word' id='word_1_14' title='bbox 153 726 335 815; x_wconf 83' lang='grc' dir='ltr'><strong><em>Ἰάδμονος</em></strong></span> <span class='ocrx_word' id='word_1_15' title='bbox 363 730 508 818; x_wconf 72' lang='grc' dir='ltr'><strong>ἐγένετο,</strong></span> <span class='ocrx_word' id='word_1_16' title='bbox 552 727 599 810; x_wconf 81' lang='grc' dir='ltr'><strong>άς</strong></span> <span class='ocrx_word' id='word_1_17' title='bbox 627 730 746 814; x_wconf 73' lang='grc' dir='ltr'><strong><em>διέδεξε</em></strong></span> <span class='ocrx_word' id='word_1_18' title='bbox 776 733 855 821; x_wconf 67' lang='lat' dir='ltr'>opido</span> <span class='ocrx_word' id='word_1_19' title='bbox 884 726 949 800; x_wconf 83' lang='grc' dir='ltr'><strong><em>οάιι</em></strong></span> <span class='ocrx_word' id='word_1_20' title='bbox 986 727 1121 816; x_wconf 75' lang='grc' dir='ltr'><strong><em>ἥκιστα·</em></strong></span> 
     </span>
    </p>

    <p class='ocr_par' dir='ltr' id='par_1_4' title="bbox 24 835 1125 1180">
     <span class='ocr_line' id='line_1_4' title="bbox 24 835 1124 939; baseline -0.001 -21"><span class='ocrx_word' id='word_1_21' title='bbox 24 861 28 898; x_wconf 77' lang='lat'>³</span> <span class='ocrx_word' id='word_1_22' title='bbox 158 835 236 918; x_wconf 73' lang='grc' dir='ltr'><strong><em>λκιλ</em></strong></span> <span class='ocrx_word' id='word_1_23' title='bbox 254 875 289 918; x_wconf 79' lang='grc' dir='ltr'><strong>τε</strong></span> <span class='ocrx_word' id='word_1_24' title='bbox 309 852 372 939; x_wconf 78' lang='grc' dir='ltr'><strong>γὰρ</strong></span> <span class='ocrx_word' id='word_1_25' title='bbox 394 850 553 932; x_wconf 75' lang='grc' dir='ltr'><strong>πολλάκις</strong></span> <span class='ocrx_word' id='word_1_26' title='bbox 575 849 811 939; x_wconf 77' lang='grc' dir='ltr'><strong><em>κηρυσσόντων</em></strong></span> <span class='ocrx_word' id='word_1_27' title='bbox 826 855 973 937; x_wconf 75' lang='grc' dir='ltr'><strong><em>Δελφῶν</em></strong></span> <span class='ocrx_word' id='word_1_28' title='bbox 986 847 1023 916; x_wconf 78' lang='grc' dir='ltr'><strong>ἐκ</strong></span> <span class='ocrx_word' id='word_1_29' title='bbox 1044 855 1124 917; x_wconf 79' lang='lat' dir='ltr'><strong>tico-</strong></span> 
     </span>
     <span class='ocr_line' id='line_1_5' title="bbox 161 967 1125 1060; baseline -0.002 -22"><span class='ocrx_word' id='word_1_30' title='bbox 161 971 315 1054; x_wconf 81' lang='grc' dir='ltr'><strong><em>σιμοσιλον</em></strong></span> <span class='ocrx_word' id='word_1_31' title='bbox 342 971 409 1056; x_wconf 72' lang='lat' dir='ltr'><strong>„de</strong></span> <span class='ocrx_word' id='word_1_32' title='bbox 431 969 587 1060; x_wconf 72' lang='grc' dir='ltr'><strong><em>βούλοιτο</em></strong></span> <span class='ocrx_word' id='word_1_33' title='bbox 608 970 729 1059; x_wconf 76' lang='grc' dir='ltr'><strong><em>ποινὴν</em></strong></span> <span class='ocrx_word' id='word_1_34' title='bbox 750 976 808 1058; x_wconf 79' lang='grc' dir='ltr'><strong>τῆς</strong></span> <span class='ocrx_word' id='word_1_35' title='bbox 834 967 996 1038; x_wconf 82' lang='grc' dir='ltr'><strong><em>Αλσάιιον</em></strong></span> <span class='ocrx_word' id='word_1_36' title='bbox 1017 973 1125 1056; x_wconf 76' lang='grc' dir='ltr'><strong><em>ψυχῆς</em></strong></span> 
     </span>
     <span class='ocr_line' id='line_1_6' title="bbox 165 1085 1124 1180; baseline -0.004 -20"><span class='ocrx_word' id='word_1_37' title='bbox 165 1088 403 1175; x_wconf 60' lang='grc' dir='ltr'><strong><em>ηάνιλέσθοι,“</em></strong></span> <span class='ocrx_word' id='word_1_38' title='bbox 433 1090 532 1173; x_wconf 83' lang='grc' dir='ltr'><strong><em>ἄλλος</em></strong></span> <span class='ocrx_word' id='word_1_39' title='bbox 557 1093 618 1180; x_wconf 74' lang='grc' dir='ltr'><strong>μὲν</strong></span> <span class='ocrx_word' id='word_1_40' title='bbox 647 1089 760 1171; x_wconf 75' lang='grc' dir='ltr'><strong><em>οὐδεὶς</em></strong></span> <span class='ocrx_word' id='word_1_41' title='bbox 789 1087 915 1178; x_wconf 70' lang='grc' dir='ltr'><strong><em>ἐφάνη,</em></strong></span> <span class='ocrx_word' id='word_1_42' title='bbox 950 1085 1124 1178; x_wconf 74' lang='grc' dir='ltr'><strong><em>Ἰάδμονος</em></strong></span> 
     </span>
    </p>
   </div>
   <div class='ocr_carea' id='block_1_3' title="bbox 1 1317 1231 4524">
    <p class='ocr_par' dir='ltr' id='par_1_5' title="bbox 1 1317 1231 4524">
     <span class='ocr_line' id='line_1_7' title="bbox 7 1317 25 1356; baseline 0 -2"><span class='ocrx_word' id='word_1_43' title='bbox 7 1317 25 1356; x_wconf 77' lang='lat' dir='ltr'><strong>r</strong></span> 
     </span>
     <span class='ocr_line' id='line_1_8' title="bbox 10 1379 1169 1468; baseline 0 -26"><span class='ocrx_word' id='word_1_44' title='bbox 10 1403 23 1442; x_wconf 76' lang='grc' dir='ltr'><strong><em>ι</em></strong></span> <span class='ocrx_word' id='word_1_45' title='bbox 120 1385 184 1459; x_wconf 86' lang='grc'><strong>61,</strong></span> <span class='ocrx_word' id='word_1_46' title='bbox 200 1384 259 1444; x_wconf 87' lang='lat' dir='ltr'>coil.</span> <span class='ocrx_word' id='word_1_47' title='bbox 272 1405 301 1464; x_wconf 90' lang='lat' dir='ltr'><strong>p.</strong></span> <span class='ocrx_word' id='word_1_48' title='bbox 318 1389 397 1463; x_wconf 75' lang='lat'><strong>132,</strong></span> <span class='ocrx_word' id='word_1_49' title='bbox 418 1379 621 1468; x_wconf 70' lang='grc' dir='ltr'><strong><em>σοῐοἸᾶδμων</em></strong></span> <span class='ocrx_word' id='word_1_50' title='bbox 670 1385 792 1462; x_wconf 82' lang='grc'><strong>-’34,</strong></span> <span class='ocrx_word' id='word_1_51' title='bbox 820 1385 890 1446; x_wconf 79' lang='lat' dir='ltr'><strong>drco</strong></span> <span class='ocrx_word' id='word_1_52' title='bbox 912 1383 1169 1462; x_wconf 74' lang='lat' dir='ltr'><strong>quinquagesimum</strong></span> 
     </span>
     <span class='ocr_line' id='line_1_9' title="bbox 6 1467 1169 1550; baseline -0.003 -19"><span class='ocrx_word' id='word_1_53' title='bbox 6 1493 20 1531; x_wconf 83' lang='grc' dir='ltr'><strong>ιι</strong></span> <span class='ocrx_word' id='word_1_54' title='bbox 117 1467 216 1528; x_wconf 77' lang='lat' dir='ltr'><strong>Ionica</strong></span> <span class='ocrx_word' id='word_1_55' title='bbox 229 1470 273 1531; x_wconf 79' lang='lat' dir='ltr'><strong>vet</strong></span> <span class='ocrx_word' id='word_1_56' title='bbox 290 1470 404 1532; x_wconf 77' lang='lat' dir='ltr'><strong>Aeolica</strong></span> <span class='ocrx_word' id='word_1_57' title='bbox 425 1474 551 1534; x_wconf 82' lang='lat' dir='ltr'>eiusdem</span> <span class='ocrx_word' id='word_1_58' title='bbox 568 1493 622 1532; x_wconf 86' lang='lat' dir='ltr'><strong>uo-</strong></span> <span class='ocrx_word' id='word_1_59' title='bbox 670 1474 730 1532; x_wconf 83' lang='lat' dir='ltr'><strong>sere</strong></span> <span class='ocrx_word' id='word_1_60' title='bbox 755 1470 966 1550; x_wconf 68' lang='lat' dir='ltr'>Olympiadem</span> <span class='ocrx_word' id='word_1_61' title='bbox 995 1471 1069 1530; x_wconf 90' lang='lat' dir='ltr'><strong>unde</strong></span> <span class='ocrx_word' id='word_1_62' title='bbox 1092 1489 1169 1528; x_wconf 88' lang='lat' dir='ltr'><strong>mor·</strong></span> 
     </span>
     <span class='ocr_line' id='line_1_10' title="bbox 8 1553 1170 1637; baseline 0.003 -25"><span class='ocrx_word' id='word_1_63' title='bbox 8 1584 15 1619; x_wconf 60' lang='grc' dir='ltr'><strong><em>ι</em></strong></span> <span class='ocrx_word' id='word_1_64' title='bbox 115 1555 306 1614; x_wconf 73' lang='grc' dir='ltr'><strong><em>ιιιὶοίιῑοοωι</em></strong></span> <span class='ocrx_word' id='word_1_65' title='bbox 320 1559 465 1633; x_wconf 77' lang='lat' dir='ltr'><strong>videntur,</strong></span> <span class='ocrx_word' id='word_1_66' title='bbox 486 1559 564 1637; x_wconf 89' lang='lat' dir='ltr'>qood</span> <span class='ocrx_word' id='word_1_67' title='bbox 577 1577 621 1618; x_wconf 86' lang='lat' dir='ltr'><strong>re·</strong></span> <span class='ocrx_word' id='word_1_68' title='bbox 670 1563 749 1616; x_wconf 88' lang='lat' dir='ltr'><strong>tuum</strong></span> <span class='ocrx_word' id='word_1_69' title='bbox 764 1577 826 1616; x_wconf 77' lang='lat' dir='ltr'><strong>ecre</strong></span> <span class='ocrx_word' id='word_1_70' title='bbox 847 1553 988 1634; x_wconf 79' lang='lat' dir='ltr'>Aesopum</span> <span class='ocrx_word' id='word_1_71' title='bbox 1002 1555 1170 1632; x_wconf 82' lang='lat' dir='ltr'>Olympiade</span> 
     </span>
     <span class='ocr_line' id='line_1_11' title="bbox 5 1638 1169 1722; baseline -0.004 -18"><span class='ocrx_word' id='word_1_72' title='bbox 5 1669 14 1704; x_wconf 78' lang='lat' dir='ltr'><strong>r</strong></span> <span class='ocrx_word' id='word_1_73' title='bbox 117 1638 206 1714; x_wconf 81' lang='lat' dir='ltr'><strong>liqu‘u</strong></span> <span class='ocrx_word' id='word_1_74' title='bbox 235 1640 412 1718; x_wconf 77' lang='lat' dir='ltr'><strong>scriptoribus</strong></span> <span class='ocrx_word' id='word_1_75' title='bbox 447 1645 484 1702; x_wconf 85' lang='lat' dir='ltr'><strong>rit</strong></span> <span class='ocrx_word' id='word_1_76' title='bbox 506 1639 621 1722; x_wconf 82' lang='grc' dir='ltr'><strong><em>Ἴδμων</em></strong></span> <span class='ocrx_word' id='word_1_77' title='bbox 671 1642 1013 1719; x_wconf 80' lang='lat' dir='ltr'><strong>quinquagesimoquurtu</strong></span> <span class='ocrx_word' id='word_1_78' title='bbox 1030 1640 1076 1698; x_wconf 82' lang='lat' dir='ltr'>olii</span> <span class='ocrx_word' id='word_1_79' title='bbox 1094 1640 1169 1699; x_wconf 84' lang='lat' dir='ltr'><strong>huod</strong></span> 
     </span>
     <span class='ocr_line' id='line_1_12' title="bbox 125 1721 1169 1804; baseline 0.004 -26"><span class='ocrx_word' id='word_1_80' title='bbox 125 1723 169 1797; x_wconf 84' lang='lat' dir='ltr'><strong>(i.</strong></span> <span class='ocrx_word' id='word_1_81' title='bbox 188 1741 216 1799; x_wconf 90' lang='lat' dir='ltr'><strong>q.</strong></span> <span class='ocrx_word' id='word_1_82' title='bbox 238 1721 346 1800; x_wconf 79' lang='grc' dir='ltr'><strong><em>σοφὸς,</em></strong></span> <span class='ocrx_word' id='word_1_83' title='bbox 367 1731 486 1804; x_wconf 79' lang='lat' dir='ltr'><strong>ropiem,</strong></span> <span class='ocrx_word' id='word_1_84' title='bbox 511 1730 621 1803; x_wconf 77' lang='lat' dir='ltr'><strong>oriem).</strong></span> <span class='ocrx_word' id='word_1_85' title='bbox 671 1725 744 1786; x_wconf 84' lang='lat' dir='ltr'>mole</span> <span class='ocrx_word' id='word_1_86' title='bbox 761 1733 883 1786; x_wconf 77' lang='lat' dir='ltr'><strong>rtumere</strong></span> <span class='ocrx_word' id='word_1_87' title='bbox 895 1727 1033 1786; x_wconf 83' lang='lat' dir='ltr'><strong>videntur.</strong></span> <span class='ocrx_word' id='word_1_88' title='bbox 1056 1723 1103 1784; x_wconf 90' lang='lat' dir='ltr'><strong>Tu</strong></span> <span class='ocrx_word' id='word_1_89' title='bbox 1113 1725 1169 1783; x_wconf 85' lang='lat' dir='ltr'>vid.</span> 
     </span>
     <span class='ocr_line' id='line_1_13' title="bbox 128 1807 1170 1893; baseline 0.009 -27"><span class='ocrx_word' id='word_1_90' title='bbox 128 1807 212 1868; x_wconf 82' lang='lat' dir='ltr'><strong>conf.</strong></span> <span class='ocrx_word' id='word_1_91' title='bbox 226 1811 308 1868; x_wconf 79' lang='lat' dir='ltr'><strong>etium</strong></span> <span class='ocrx_word' id='word_1_92' title='bbox 327 1812 446 1872; x_wconf 84' lang='lat' dir='ltr'><strong>Suhrdtz.</strong></span> <span class='ocrx_word' id='word_1_93' title='bbox 460 1813 479 1873; x_wconf 92' lang='lat' dir='ltr'><strong>l.</strong></span> <span class='ocrx_word' id='word_1_94' title='bbox 492 1813 511 1872; x_wconf 91' lang='grc' dir='ltr'><strong>Ι.</strong></span> <span class='ocrx_word' id='word_1_95' title='bbox 525 1835 554 1893; x_wconf 89' lang='lat' dir='ltr'><strong>p.</strong></span> <span class='ocrx_word' id='word_1_96' title='bbox 568 1813 620 1880; x_wconf 81' lang='lat'><strong>24.</strong></span> <span class='ocrx_word' id='word_1_97' title='bbox 657 1811 844 1893; x_wconf 72' lang='lat' dir='ltr'><strong>,potissimum</strong></span> <span class='ocrx_word' id='word_1_98' title='bbox 864 1810 989 1870; x_wconf 75' lang='lat' dir='ltr'><strong>Schultz.</strong></span> <span class='ocrx_word' id='word_1_99' title='bbox 1010 1809 1063 1868; x_wconf 78' lang='grc' dir='ltr'><strong>λλ</strong></span> <span class='ocrx_word' id='word_1_100' title='bbox 1085 1829 1113 1888; x_wconf 85' lang='lat' dir='ltr'><strong>p.</strong></span> <span class='ocrx_word' id='word_1_101' title='bbox 1127 1812 1170 1874; x_wconf 81' lang='lat'><strong>88</strong></span> 
     </span>
     <span class='ocr_line' id='line_1_14' title="bbox 169 1885 1169 1973; baseline 0 -19"><span class='ocrx_word' id='word_1_102' title='bbox 169 1885 339 1967; x_wconf 81' lang='grc' dir='ltr'><strong><em>σάνδοολος</em></strong></span> <span class='ocrx_word' id='word_1_103' title='bbox 356 1893 387 1958; x_wconf 80' lang='lat' dir='ltr'><strong>di</strong></span> <span class='ocrx_word' id='word_1_104' title='bbox 403 1892 549 1962; x_wconf 73' lang='grc' dir='ltr'><strong><em>Αἰσώπου</em></strong></span> <span class='ocrx_word' id='word_1_105' title='bbox 565 1901 622 1962; x_wconf 74' lang='grc' dir='ltr'><strong>τοῦ</strong></span> <span class='ocrx_word' id='word_1_106' title='bbox 672 1896 733 1956; x_wconf 88' lang='lat' dir='ltr'><strong>coil.</strong></span> <span class='ocrx_word' id='word_1_107' title='bbox 755 1896 816 1970; x_wconf 77' lang='lat'><strong>24,</strong></span> <span class='ocrx_word' id='word_1_108' title='bbox 846 1896 919 1972; x_wconf 86' lang='lat' dir='ltr'><strong>qui,</strong></span> <span class='ocrx_word' id='word_1_109' title='bbox 948 1915 1010 1954; x_wconf 86' lang='lat' dir='ltr'><strong>cum</strong></span> <span class='ocrx_word' id='word_1_110' title='bbox 1041 1895 1169 1973; x_wconf 73' lang='lat' dir='ltr'><strong>Aeropus</strong></span> 
     </span>
     <span class='ocr_line' id='line_1_15' title="bbox 126 1975 1171 2080; baseline 0 -42"><span class='ocrx_word' id='word_1_111' title='bbox 126 1975 305 2080; x_wconf 49' lang='grc' dir='ltr'><strong><em>λογοποιοῦ]</em></strong></span> <span class='ocrx_word' id='word_1_112' title='bbox 324 1979 370 2041; x_wconf 84' lang='lat' dir='ltr'><strong>De</strong></span> <span class='ocrx_word' id='word_1_113' title='bbox 391 1989 527 2044; x_wconf 75' lang='lat' dir='ltr'><strong>structura</strong></span> <span class='ocrx_word' id='word_1_114' title='bbox 546 1985 620 2044; x_wconf 75' lang='lat' dir='ltr'>vocis</span> <span class='ocrx_word' id='word_1_115' title='bbox 672 1989 737 2040; x_wconf 80' lang='lat' dir='ltr'><strong>oute</strong></span> <span class='ocrx_word' id='word_1_116' title='bbox 752 1979 949 2057; x_wconf 75' lang='lat' dir='ltr'>Olympiadem</span> <span class='ocrx_word' id='word_1_117' title='bbox 972 1979 1171 2057; x_wconf 72' lang='lat' dir='ltr'><strong>quiuquagesi-</strong></span> 
     </span>
     <span class='ocr_line' id='line_1_16' title="bbox 125 2063 1231 2143; baseline 0 -19"><span class='ocrx_word' id='word_1_118' title='bbox 125 2064 297 2138; x_wconf 88' lang='grc' dir='ltr'><strong><em>σννδονλος</em></strong></span> <span class='ocrx_word' id='word_1_119' title='bbox 311 2070 500 2143; x_wconf 81' lang='lat' dir='ltr'><strong>cumgenitivo</strong></span> <span class='ocrx_word' id='word_1_120' title='bbox 513 2070 621 2128; x_wconf 86' lang='lat' dir='ltr'><strong>monuit</strong></span> <span class='ocrx_word' id='word_1_121' title='bbox 671 2087 746 2127; x_wconf 79' lang='lat' dir='ltr'><strong>mum</strong></span> <span class='ocrx_word' id='word_1_122' title='bbox 771 2069 920 2125; x_wconf 82' lang='lat' dir='ltr'><strong>secuudum</strong></span> <span class='ocrx_word' id='word_1_123' title='bbox 940 2063 1018 2124; x_wconf 84' lang='lat' dir='ltr'>Sami</span> <span class='ocrx_word' id='word_1_124' title='bbox 1037 2066 1120 2124; x_wconf 84' lang='lat' dir='ltr'><strong>suerit</strong></span> <span class='ocrx_word' id='word_1_125' title='bbox 1140 2065 1170 2124; x_wconf 88' lang='lat' dir='ltr'><strong>iu</strong></span> <span class='ocrx_word' id='word_1_126' title='bbox 1228 2065 1231 2072; x_wconf 88' lang='grc'><strong>’</strong></span> 
     </span>
     <span class='ocr_line' id='line_1_17' title="bbox 2 2147 1171 2232; baseline 0.002 -24"><span class='ocrx_word' id='word_1_127' title='bbox 2 2187 15 2218; x_wconf 78' lang='grc'><strong>;-</strong></span> <span class='ocrx_word' id='word_1_128' title='bbox 123 2147 226 2208; x_wconf 75' lang='lat' dir='ltr'><strong>mauu</strong></span> <span class='ocrx_word' id='word_1_129' title='bbox 243 2151 295 2210; x_wconf 89' lang='lat' dir='ltr'><strong>Gr.</strong></span> <span class='ocrx_word' id='word_1_130' title='bbox 312 2149 363 2209; x_wconf 87' lang='lat' dir='ltr'><strong>Gr.</strong></span> <span class='ocrx_word' id='word_1_131' title='bbox 379 2173 408 2229; x_wconf 94' lang='lat' dir='ltr'><strong>p.</strong></span> <span class='ocrx_word' id='word_1_132' title='bbox 424 2154 559 2232; x_wconf 76' lang='lat' dir='ltr'><strong>tto-seq.</strong></span> <span class='ocrx_word' id='word_1_133' title='bbox 577 2187 621 2200; x_wconf 88' lang='lat'>-</span> <span class='ocrx_word' id='word_1_134' title='bbox 674 2151 831 2224; x_wconf 79' lang='lat' dir='ltr'><strong>servitute,</strong></span> <span class='ocrx_word' id='word_1_135' title='bbox 873 2151 911 2209; x_wconf 83' lang='lat' dir='ltr'><strong>ud</strong></span> <span class='ocrx_word' id='word_1_136' title='bbox 942 2149 1014 2210; x_wconf 82' lang='lat' dir='ltr'><strong>hunc</strong></span> <span class='ocrx_word' id='word_1_137' title='bbox 1051 2150 1171 2210; x_wconf 83' lang='lat' dir='ltr'>eundem</span> 
     </span>
     <span class='ocr_line' id='line_1_18' title="bbox 2 2230 1171 2315; baseline -0.002 -20"><span class='ocrx_word' id='word_1_138' title='bbox 2 2273 6 2306; x_wconf 54' lang='lat' dir='ltr'>s</span> <span class='ocrx_word' id='word_1_139' title='bbox 122 2230 287 2315; x_wconf 79' lang='grc' dir='ltr'><strong><em>λογοπσιδν</em></strong></span> <span class='ocrx_word' id='word_1_140' title='bbox 309 2255 374 2295; x_wconf 90' lang='lat' dir='ltr'><strong>eum</strong></span> <span class='ocrx_word' id='word_1_141' title='bbox 396 2237 556 2296; x_wconf 66' lang='lat' dir='ltr'><strong>Herodotus</strong></span> <span class='ocrx_word' id='word_1_142' title='bbox 572 2260 623 2298; x_wconf 88' lang='lat' dir='ltr'><strong>vo-</strong></span> <span class='ocrx_word' id='word_1_143' title='bbox 674 2236 871 2314; x_wconf 79' lang='lat' dir='ltr'>Olympiadem</span> <span class='ocrx_word' id='word_1_144' title='bbox 903 2243 932 2295; x_wconf 90' lang='lat' dir='ltr'><strong>et</strong></span> <span class='ocrx_word' id='word_1_145' title='bbox 968 2234 1111 2313; x_wconf 80' lang='lat' dir='ltr'>Aesopum</span> <span class='ocrx_word' id='word_1_146' title='bbox 1142 2239 1171 2296; x_wconf 86' lang='lat' dir='ltr'><strong>et</strong></span> 
     </span>
     <span class='ocr_line' id='line_1_19' title="bbox 1 2319 1171 2403; baseline 0 -23"><span class='ocrx_word' id='word_1_147' title='bbox 1 2360 7 2390; x_wconf 76' lang='lat'><strong>,</strong></span> <span class='ocrx_word' id='word_1_148' title='bbox 123 2323 240 2398; x_wconf 55' lang='lat' dir='ltr'><strong>cacque·</strong></span> <span class='ocrx_word' id='word_1_149' title='bbox 252 2319 384 2399; x_wconf 77' lang='lat' dir='ltr'><strong>qor&#39;dpoo&#39;d</strong></span> <span class='ocrx_word' id='word_1_150' title='bbox 398 2328 517 2396; x_wconf 77' lang='lat' dir='ltr'><strong>enarrat,</strong></span> <span class='ocrx_word' id='word_1_151' title='bbox 532 2324 622 2403; x_wconf 75' lang='lat' dir='ltr'><strong>refert,</strong></span> <span class='ocrx_word' id='word_1_152' title='bbox 673 2321 870 2400; x_wconf 85' lang='lat' dir='ltr'>Rhodopidem</span> <span class='ocrx_word' id='word_1_153' title='bbox 885 2323 978 2381; x_wconf 78' lang='lat' dir='ltr'><strong>refert.</strong></span> <span class='ocrx_word' id='word_1_154' title='bbox 1021 2320 1102 2388; x_wconf 76' lang='lat' dir='ltr'><strong>Quae</strong></span> <span class='ocrx_word' id='word_1_155' title='bbox 1122 2339 1171 2380; x_wconf 84' lang='lat' dir='ltr'><strong>ve-</strong></span> 
     </span>
     <span class='ocr_line' id='line_1_20' title="bbox 1 2405 1171 2480; baseline -0.002 -16"><span class='ocrx_word' id='word_1_156' title='bbox 1 2465 8 2475; x_wconf 80' lang='grc'><strong><em>,</em></strong></span> <span class='ocrx_word' id='word_1_157' title='bbox 126 2423 210 2464; x_wconf 81' lang='lat' dir='ltr'><strong>oeuru</strong></span> <span class='ocrx_word' id='word_1_158' title='bbox 231 2405 338 2478; x_wconf 82' lang='lat' dir='ltr'><strong>latiori;</strong></span> <span class='ocrx_word' id='word_1_159' title='bbox 359 2408 433 2467; x_wconf 86' lang='lat' dir='ltr'><strong>unde</strong></span> <span class='ocrx_word' id='word_1_160' title='bbox 450 2415 480 2468; x_wconf 84' lang='lat' dir='ltr'><strong>et</strong></span> <span class='ocrx_word' id='word_1_161' title='bbox 496 2408 623 2468; x_wconf 83' lang='lat' dir='ltr'><strong>lu&#39;rtorio-</strong></span> <span class='ocrx_word' id='word_1_162' title='bbox 673 2427 706 2466; x_wconf 89' lang='lat' dir='ltr'><strong>ro</strong></span> <span class='ocrx_word' id='word_1_163' title='bbox 735 2406 895 2466; x_wconf 69' lang='lat' dir='ltr'><strong>Plutarchus</strong></span> <span class='ocrx_word' id='word_1_164' title='bbox 925 2407 974 2466; x_wconf 85' lang='lat' dir='ltr'><strong>vit.</strong></span> <span class='ocrx_word' id='word_1_165' title='bbox 1000 2405 1095 2464; x_wconf 85' lang='lat' dir='ltr'><strong>Solon.</strong></span> <span class='ocrx_word' id='word_1_166' title='bbox 1117 2405 1171 2480; x_wconf 79' lang='lat'><strong>28,</strong></span> 
     </span>
     <span class='ocr_line' id='line_1_21' title="bbox 126 2489 1171 2572; baseline -0.001 -24"><span class='ocrx_word' id='word_1_167' title='bbox 126 2507 186 2548; x_wconf 80' lang='grc' dir='ltr'><strong><em>ινισ</em></strong></span> <span class='ocrx_word' id='word_1_168' title='bbox 220 2494 372 2569; x_wconf 69' lang='lat' dir='ltr'><strong>scriptorem</strong></span> <span class='ocrx_word' id='word_1_169' title='bbox 407 2499 436 2552; x_wconf 87' lang='lat' dir='ltr'><strong>et</strong></span> <span class='ocrx_word' id='word_1_170' title='bbox 465 2493 625 2572; x_wconf 79' lang='lat' dir='ltr'><strong>sobutorom</strong></span> <span class='ocrx_word' id='word_1_171' title='bbox 675 2491 777 2569; x_wconf 77' lang='lat' dir='ltr'><strong>otiique</strong></span> <span class='ocrx_word' id='word_1_172' title='bbox 788 2496 903 2550; x_wconf 77' lang='lat' dir='ltr'><strong>nonunt</strong></span> <span class='ocrx_word' id='word_1_173' title='bbox 915 2493 952 2550; x_wconf 87' lang='lat' dir='ltr'><strong>de</strong></span> <span class='ocrx_word' id='word_1_174' title='bbox 964 2494 1078 2570; x_wconf 82' lang='lat' dir='ltr'>Aesopo</span> <span class='ocrx_word' id='word_1_175' title='bbox 1094 2489 1171 2568; x_wconf 85' lang='lat' dir='ltr'><strong>opud</strong></span> 
     </span>
     <span class='ocr_line' id='line_1_22' title="bbox 126 2577 1171 2638; baseline 0.002 -6"><span class='ocrx_word' id='word_1_176' title='bbox 126 2579 293 2634; x_wconf 71' lang='lat' dir='ltr'><strong>conatorem</strong></span> <span class='ocrx_word' id='word_1_177' title='bbox 314 2597 368 2636; x_wconf 84' lang='lat' dir='ltr'><strong>vor</strong></span> <span class='ocrx_word' id='word_1_178' title='bbox 387 2577 498 2636; x_wconf 77' lang='lat' dir='ltr'><strong>indicet.</strong></span> <span class='ocrx_word' id='word_1_179' title='bbox 541 2579 624 2638; x_wconf 89' lang='lat' dir='ltr'><strong>Cout.</strong></span> <span class='ocrx_word' id='word_1_180' title='bbox 675 2577 810 2636; x_wconf 85' lang='lat' dir='ltr'><strong>Croesum</strong></span> <span class='ocrx_word' id='word_1_181' title='bbox 831 2583 1019 2638; x_wconf 81' lang='lat' dir='ltr'><strong>commorante</strong></span> <span class='ocrx_word' id='word_1_182' title='bbox 1042 2594 1077 2634; x_wconf 93' lang='lat' dir='ltr'><strong>eo</strong></span> <span class='ocrx_word' id='word_1_183' title='bbox 1097 2581 1171 2634; x_wconf 87' lang='lat' dir='ltr'><strong>tem·</strong></span> 
     </span>
     <span class='ocr_line' id='line_1_23' title="bbox 126 2658 1172 2741; baseline -0.002 -23"><span class='ocrx_word' id='word_1_184' title='bbox 126 2658 253 2732; x_wconf 81' lang='lat'><strong>11,143.</strong></span> <span class='ocrx_word' id='word_1_185' title='bbox 276 2661 311 2734; x_wconf 84' lang='lat' dir='ltr'><strong>V,</strong></span> <span class='ocrx_word' id='word_1_186' title='bbox 323 2663 366 2727; x_wconf 82' lang='grc'><strong>36</strong></span> <span class='ocrx_word' id='word_1_187' title='bbox 387 2669 416 2721; x_wconf 89' lang='lat' dir='ltr'><strong>et</strong></span> <span class='ocrx_word' id='word_1_188' title='bbox 428 2662 558 2724; x_wconf 84' lang='lat' dir='ltr'><strong>Creuzer.</strong></span> <span class='ocrx_word' id='word_1_189' title='bbox 579 2665 625 2724; x_wconf 90' lang='lat' dir='ltr'><strong>die</strong></span> <span class='ocrx_word' id='word_1_190' title='bbox 674 2681 760 2741; x_wconf 84' lang='lat' dir='ltr'><strong>pore,</strong></span> <span class='ocrx_word' id='word_1_191' title='bbox 781 2681 837 2739; x_wconf 90' lang='lat' dir='ltr'><strong>quo</strong></span> <span class='ocrx_word' id='word_1_192' title='bbox 851 2662 938 2721; x_wconf 85' lang='lat' dir='ltr'><strong>Solon</strong></span> <span class='ocrx_word' id='word_1_193' title='bbox 950 2661 1054 2720; x_wconf 80' lang='lat' dir='ltr'>Sardes</span> <span class='ocrx_word' id='word_1_194' title='bbox 1072 2658 1172 2718; x_wconf 76' lang='lat' dir='ltr'><strong>adierit</strong></span> 
     </span>
     <span class='ocr_line' id='line_1_24' title="bbox 126 2744 1171 2828; baseline -0.001 -25"><span class='ocrx_word' id='word_1_195' title='bbox 126 2744 221 2804; x_wconf 83' lang='lat' dir='ltr'><strong>histor.</strong></span> <span class='ocrx_word' id='word_1_196' title='bbox 235 2746 331 2806; x_wconf 85' lang='lat' dir='ltr'><strong>Kuurt</strong></span> <span class='ocrx_word' id='word_1_197' title='bbox 344 2748 372 2806; x_wconf 87' lang='lat' dir='ltr'><strong>d.</strong></span> <span class='ocrx_word' id='word_1_198' title='bbox 387 2746 498 2806; x_wconf 82' lang='lat' dir='ltr'><strong>Griech.</strong></span> <span class='ocrx_word' id='word_1_199' title='bbox 513 2770 542 2828; x_wconf 93' lang='lat' dir='ltr'><strong>p.</strong></span> <span class='ocrx_word' id='word_1_200' title='bbox 553 2754 624 2814; x_wconf 86' lang='grc'><strong>177.</strong></span> <span class='ocrx_word' id='word_1_201' title='bbox 675 2766 738 2806; x_wconf 84' lang='lat' dir='ltr'><strong>cum</strong></span> <span class='ocrx_word' id='word_1_202' title='bbox 756 2745 868 2824; x_wconf 79' lang='lat' dir='ltr'>Aesopo</span> <span class='ocrx_word' id='word_1_203' title='bbox 897 2755 926 2807; x_wconf 86' lang='lat' dir='ltr'><strong>et</strong></span> <span class='ocrx_word' id='word_1_204' title='bbox 951 2747 1012 2826; x_wconf 84' lang='lat' dir='ltr'>ipso</span> <span class='ocrx_word' id='word_1_205' title='bbox 1038 2744 1171 2804; x_wconf 78' lang='lat' dir='ltr'><strong>consubu-</strong></span> 
     </span>
     <span class='ocr_line' id='line_1_25' title="bbox 125 2829 1171 2915; baseline -0.003 -25"><span class='ocrx_word' id='word_1_206' title='bbox 125 2829 184 2890; x_wconf 84' lang='lat' dir='ltr'><strong>Sed</strong></span> <span class='ocrx_word' id='word_1_207' title='bbox 213 2838 286 2891; x_wconf 84' lang='lat' dir='ltr'><strong>recte</strong></span> <span class='ocrx_word' id='word_1_208' title='bbox 311 2835 425 2905; x_wconf 74' lang='lat' dir='ltr'><strong>facere,</strong></span> <span class='ocrx_word' id='word_1_209' title='bbox 461 2835 508 2910; x_wconf 88' lang='lat' dir='ltr'><strong>qui</strong></span> <span class='ocrx_word' id='word_1_210' title='bbox 534 2838 621 2915; x_wconf 75' lang='grc' dir='ltr'><strong><em>λογο-</em></strong></span> <span class='ocrx_word' id='word_1_211' title='bbox 674 2830 792 2906; x_wconf 78' lang='lat' dir='ltr'><strong>luus,ea</strong></span> <span class='ocrx_word' id='word_1_212' title='bbox 806 2832 882 2890; x_wconf 81' lang='lat' dir='ltr'><strong>houd</strong></span> <span class='ocrx_word' id='word_1_213' title='bbox 897 2851 963 2892; x_wconf 81' lang='lat' dir='ltr'><strong>vero</strong></span> <span class='ocrx_word' id='word_1_214' title='bbox 978 2832 1063 2890; x_wconf 77' lang='lat' dir='ltr'>hebet</span> <span class='ocrx_word' id='word_1_215' title='bbox 1078 2829 1171 2888; x_wconf 77' lang='lat' dir='ltr'><strong>Grou-</strong></span> 
     </span>
     <span class='ocr_line' id='line_1_26' title="bbox 125 2909 1169 2996; baseline -0.004 -20"><span class='ocrx_word' id='word_1_216' title='bbox 125 2909 214 2976; x_wconf 80' lang='grc' dir='ltr'><strong><em>σιοιὸν</em></strong></span> <span class='ocrx_word' id='word_1_217' title='bbox 228 2917 363 2994; x_wconf 77' lang='lat' dir='ltr'><strong>accipiant</strong></span> <span class='ocrx_word' id='word_1_218' title='bbox 378 2917 540 2995; x_wconf 70' lang='lat' dir='ltr'><strong>fututorum</strong></span> <span class='ocrx_word' id='word_1_219' title='bbox 554 2920 625 2978; x_wconf 84' lang='lat' dir='ltr'><strong>ocri·</strong></span> <span class='ocrx_word' id='word_1_220' title='bbox 676 2923 727 2976; x_wconf 87' lang='lat' dir='ltr'><strong>ert.</strong></span> <span class='ocrx_word' id='word_1_221' title='bbox 748 2916 766 2976; x_wconf 74' lang='lat' dir='ltr'><strong>t</strong></span> <span class='ocrx_word' id='word_1_222' title='bbox 788 2917 806 2976; x_wconf 92' lang='grc' dir='ltr'><strong>Ι.</strong></span> <span class='ocrx_word' id='word_1_223' title='bbox 835 2936 901 2996; x_wconf 79' lang='lat' dir='ltr'>pag.</span> <span class='ocrx_word' id='word_1_224' title='bbox 916 2915 958 2984; x_wconf 76' lang='lat'><strong>44</strong></span> <span class='ocrx_word' id='word_1_225' title='bbox 971 2948 1015 2962; x_wconf 88' lang='lat'><em>-</em></span> <span class='ocrx_word' id='word_1_226' title='bbox 1029 2917 1088 2989; x_wconf 78' lang='lat'><strong>52,</strong></span> <span class='ocrx_word' id='word_1_227' title='bbox 1111 2914 1169 2993; x_wconf 90' lang='lat' dir='ltr'><strong>qui,</strong></span> 
     </span>
     <span class='ocr_line' id='line_1_27' title="bbox 122 2997 1171 3080; baseline 0.002 -24"><span class='ocrx_word' id='word_1_228' title='bbox 122 3004 241 3077; x_wconf 77' lang='lat' dir='ltr'><strong>ptoreor,</strong></span> <span class='ocrx_word' id='word_1_229' title='bbox 268 3007 354 3075; x_wconf 80' lang='lat' dir='ltr'><strong>negat</strong></span> <span class='ocrx_word' id='word_1_230' title='bbox 375 3002 506 3062; x_wconf 70' lang='lat' dir='ltr'><strong>Gruuert,</strong></span> <span class='ocrx_word' id='word_1_231' title='bbox 527 3003 590 3064; x_wconf 88' lang='lat' dir='ltr'>looo</span> <span class='ocrx_word' id='word_1_232' title='bbox 603 3003 623 3064; x_wconf 77' lang='lat' dir='ltr'><strong>l.</strong></span> <span class='ocrx_word' id='word_1_233' title='bbox 649 2997 654 3016; x_wconf 56' lang='lat'>⁸</span> <span class='ocrx_word' id='word_1_234' title='bbox 675 3021 738 3060; x_wconf 82' lang='lat' dir='ltr'><strong>curu</strong></span> <span class='ocrx_word' id='word_1_235' title='bbox 744 3001 875 3062; x_wconf 83' lang='lat' dir='ltr'>Solonem</span> <span class='ocrx_word' id='word_1_236' title='bbox 889 3003 964 3080; x_wconf 81' lang='lat' dir='ltr'><strong>apud</strong></span> <span class='ocrx_word' id='word_1_237' title='bbox 972 3003 1107 3060; x_wconf 73' lang='lat' dir='ltr'><strong>Croesum</strong></span> <span class='ocrx_word' id='word_1_238' title='bbox 1119 3017 1171 3058; x_wconf 85' lang='lat' dir='ltr'><strong>un-</strong></span> 
     </span>
     <span class='ocr_line' id='line_1_28' title="bbox 125 3082 1170 3165; baseline -0.007 -17"><span class='ocrx_word' id='word_1_239' title='bbox 125 3101 193 3163; x_wconf 74' lang='lat' dir='ltr'><strong>pog·</strong></span> <span class='ocrx_word' id='word_1_240' title='bbox 208 3082 269 3158; x_wconf 80' lang='lat'><strong>41,</strong></span> <span class='ocrx_word' id='word_1_241' title='bbox 291 3103 353 3142; x_wconf 86' lang='lat' dir='ltr'><strong>cum</strong></span> <span class='ocrx_word' id='word_1_242' title='bbox 366 3083 497 3146; x_wconf 75' lang='lat' dir='ltr'><strong>horrore</strong></span> <span class='ocrx_word' id='word_1_243' title='bbox 518 3090 561 3162; x_wconf 82' lang='grc' dir='ltr'><strong>ιἰ,</strong></span> <span class='ocrx_word' id='word_1_244' title='bbox 577 3090 626 3165; x_wconf 75' lang='lat' dir='ltr'><strong>qur·</strong></span> <span class='ocrx_word' id='word_1_245' title='bbox 675 3104 759 3164; x_wconf 82' lang='lat' dir='ltr'><strong>quum</strong></span> <span class='ocrx_word' id='word_1_246' title='bbox 775 3094 973 3146; x_wconf 81' lang='lat' dir='ltr'><strong>commoratum</strong></span> <span class='ocrx_word' id='word_1_247' title='bbox 992 3105 1055 3145; x_wconf 78' lang='lat' dir='ltr'>esse</span> <span class='ocrx_word' id='word_1_248' title='bbox 1073 3087 1170 3159; x_wconf 72' lang='lat' dir='ltr'><strong>negat,</strong></span> 
     </span>
     <span class='ocr_line' id='line_1_29' title="bbox 121 3166 1171 3249; baseline -0.002 -23"><span class='ocrx_word' id='word_1_249' title='bbox 121 3166 242 3247; x_wconf 75' lang='lat' dir='ltr'><strong>fututor</strong></span> <span class='ocrx_word' id='word_1_250' title='bbox 262 3171 490 3246; x_wconf 66' lang='lat' dir='ltr'><strong>emoriemur,</strong></span> <span class='ocrx_word' id='word_1_251' title='bbox 517 3172 624 3248; x_wconf 75' lang='lat' dir='ltr'><strong>siguifi—</strong></span> <span class='ocrx_word' id='word_1_252' title='bbox 674 3171 817 3249; x_wconf 77' lang='lat' dir='ltr'>Aesopum</span> <span class='ocrx_word' id='word_1_253' title='bbox 841 3189 952 3248; x_wconf 88' lang='lat' dir='ltr'><strong>quoque</strong></span> <span class='ocrx_word' id='word_1_254' title='bbox 980 3169 1081 3228; x_wconf 83' lang='lat' dir='ltr'>ibidem</span> <span class='ocrx_word' id='word_1_255' title='bbox 1109 3186 1171 3224; x_wconf 90' lang='lat' dir='ltr'><strong>cum</strong></span> 
     </span>
     <span class='ocr_line' id='line_1_30' title="bbox 127 3245 1171 3334; baseline -0.002 -22"><span class='ocrx_word' id='word_1_256' title='bbox 127 3258 223 3325; x_wconf 84' lang='lat' dir='ltr'><strong>cetur,</strong></span> <span class='ocrx_word' id='word_1_257' title='bbox 245 3271 302 3310; x_wconf 86' lang='lat' dir='ltr'><strong>nou</strong></span> <span class='ocrx_word' id='word_1_258' title='bbox 317 3254 384 3312; x_wconf 89' lang='lat' dir='ltr'><strong>item</strong></span> <span class='ocrx_word' id='word_1_259' title='bbox 404 3257 453 3332; x_wconf 78' lang='lat' dir='ltr'><strong>put</strong></span> <span class='ocrx_word' id='word_1_260' title='bbox 470 3259 624 3334; x_wconf 55' lang='lat' dir='ltr'><strong>scripserim</strong></span> <span class='ocrx_word' id='word_1_261' title='bbox 674 3245 780 3315; x_wconf 86' lang='lat' dir='ltr'>Solon&#39;e</span> <span class='ocrx_word' id='word_1_262' title='bbox 791 3253 961 3332; x_wconf 79' lang='lat' dir='ltr'><strong>ooutabuluri</strong></span> <span class='ocrx_word' id='word_1_263' title='bbox 975 3272 1033 3314; x_wconf 89' lang='lat' dir='ltr'><strong>nou</strong></span> <span class='ocrx_word' id='word_1_264' title='bbox 1042 3249 1171 3332; x_wconf 83' lang='lat' dir='ltr'><strong>potuisse</strong></span> 
     </span>
     <span class='ocr_line' id='line_1_31' title="bbox 127 3336 826 3419; baseline 0.007 -24"><span class='ocrx_word' id='word_1_265' title='bbox 127 3336 624 3419; x_wconf 78' lang='lat' dir='ltr'><strong>utodeoPliuiuch.u.XXXV1,</strong></span> <span class='ocrx_word' id='word_1_266' title='bbox 674 3341 826 3401; x_wconf 88' lang='lat' dir='ltr'><strong>contendit.</strong></span> 
     </span>
     <span class='ocr_line' id='line_1_32' title="bbox 128 3412 1171 3506; baseline -0.006 -19"><span class='ocrx_word' id='word_1_267' title='bbox 128 3426 173 3487; x_wconf 82' lang='lat'><strong>12</strong></span> <span class='ocrx_word' id='word_1_268' title='bbox 199 3428 325 3482; x_wconf 78' lang='lat' dir='ltr'><strong>aomrute</strong></span> <span class='ocrx_word' id='word_1_269' title='bbox 341 3431 371 3484; x_wconf 89' lang='lat' dir='ltr'><strong>et</strong></span> <span class='ocrx_word' id='word_1_270' title='bbox 388 3425 511 3486; x_wconf 69' lang='lat' dir='ltr'><strong>contuito</strong></span> <span class='ocrx_word' id='word_1_271' title='bbox 533 3426 625 3488; x_wconf 78' lang='lat' dir='ltr'>Aero-</span> <span class='ocrx_word' id='word_1_272' title='bbox 718 3423 771 3487; x_wconf 80' lang='grc' dir='ltr'><strong>καλ</strong></span> <span class='ocrx_word' id='word_1_273' title='bbox 799 3419 856 3506; x_wconf 77' lang='grc' dir='ltr'><strong>γάρ</strong></span> <span class='ocrx_word' id='word_1_274' title='bbox 895 3412 986 3496; x_wconf 73' lang='grc' dir='ltr'><strong><em>οὗτος</em></strong></span> <span class='ocrx_word' id='word_1_275' title='bbox 1013 3413 1171 3500; x_wconf 87' lang='grc' dir='ltr'><strong><em>Ἰάδμονος</em></strong></span> 
     </span>
     <span class='ocr_line' id='line_1_33' title="bbox 124 3503 1171 3592; baseline 0 -26"><span class='ocrx_word' id='word_1_276' title='bbox 124 3525 195 3586; x_wconf 87' lang='lat' dir='ltr'><strong>pum</strong></span> <span class='ocrx_word' id='word_1_277' title='bbox 209 3506 355 3586; x_wconf 75' lang='lat' dir='ltr'><strong>appellarit</strong></span> <span class='ocrx_word' id='word_1_278' title='bbox 362 3508 523 3592; x_wconf 68' lang='lat' dir='ltr'><strong>sciolorum</strong></span> <span class='ocrx_word' id='word_1_279' title='bbox 532 3513 624 3590; x_wconf 72' lang='lat' dir='ltr'>philo-</span> <span class='ocrx_word' id='word_1_280' title='bbox 675 3507 808 3592; x_wconf 72' lang='grc' dir='ltr'><strong>ἐγένετο]</strong></span> <span class='ocrx_word' id='word_1_281' title='bbox 830 3511 848 3569; x_wconf 92' lang='lat' dir='ltr'><strong>i.</strong></span> <span class='ocrx_word' id='word_1_282' title='bbox 862 3529 887 3570; x_wconf 82' lang='lat' dir='ltr'><strong>e.</strong></span> <span class='ocrx_word' id='word_1_283' title='bbox 908 3529 970 3568; x_wconf 86' lang='grc' dir='ltr'><strong><em>ιιοιο</em></strong></span> <span class='ocrx_word' id='word_1_284' title='bbox 986 3513 1013 3567; x_wconf 85' lang='lat' dir='ltr'><strong>et</strong></span> <span class='ocrx_word' id='word_1_285' title='bbox 1032 3506 1105 3566; x_wconf 74' lang='lat' dir='ltr'><strong>hicce</strong></span> <span class='ocrx_word' id='word_1_286' title='bbox 1119 3503 1171 3566; x_wconf 85' lang='lat' dir='ltr'><strong>Iu·</strong></span> 
     </span>
     <span class='ocr_line' id='line_1_34' title="bbox 124 3591 1171 3674; baseline 0 -25"><span class='ocrx_word' id='word_1_287' title='bbox 124 3592 253 3670; x_wconf 72' lang='lat' dir='ltr'><strong>sopitum,</strong></span> <span class='ocrx_word' id='word_1_288' title='bbox 273 3611 331 3652; x_wconf 89' lang='lat' dir='ltr'><strong>nou</strong></span> <span class='ocrx_word' id='word_1_289' title='bbox 344 3598 505 3673; x_wconf 66' lang='lat' dir='ltr'><strong>scriptorem</strong></span> <span class='ocrx_word' id='word_1_290' title='bbox 547 3597 624 3658; x_wconf 77' lang='lat' dir='ltr'>Atiae</span> <span class='ocrx_word' id='word_1_291' title='bbox 674 3596 776 3656; x_wconf 75' lang='grc' dir='ltr'><strong><em>διοοιιίι</em></strong></span> <span class='ocrx_word' id='word_1_292' title='bbox 793 3615 885 3656; x_wconf 73' lang='lat' dir='ltr'><strong>servus</strong></span> <span class='ocrx_word' id='word_1_293' title='bbox 892 3593 964 3674; x_wconf 82' lang='lat' dir='ltr'><strong>fuit,</strong></span> <span class='ocrx_word' id='word_1_294' title='bbox 976 3591 1103 3654; x_wconf 83' lang='lat' dir='ltr'>Iodmom&#39;</span> <span class='ocrx_word' id='word_1_295' title='bbox 1113 3611 1171 3650; x_wconf 82' lang='lat' dir='ltr'><strong>rer-</strong></span> 
     </span>
     <span class='ocr_line' id='line_1_35' title="bbox 128 3677 1209 3754; baseline 0.005 -18"><span class='ocrx_word' id='word_1_296' title='bbox 128 3677 343 3754; x_wconf 77' lang='lat' dir='ltr'><strong>riguificctioner</strong></span> <span class='ocrx_word' id='word_1_297' title='bbox 364 3680 487 3742; x_wconf 73' lang='lat' dir='ltr'>eiusdem</span> <span class='ocrx_word' id='word_1_298' title='bbox 498 3683 625 3743; x_wconf 75' lang='lat' dir='ltr'><strong>vocabuli</strong></span> <span class='ocrx_word' id='word_1_299' title='bbox 673 3685 735 3742; x_wconf 81' lang='lat' dir='ltr'><strong>uiit.</strong></span> <span class='ocrx_word' id='word_1_300' title='bbox 768 3680 815 3740; x_wconf 78' lang='lat' dir='ltr'><strong>Ad</strong></span> <span class='ocrx_word' id='word_1_301' title='bbox 828 3682 994 3741; x_wconf 88' lang='lat' dir='ltr'><strong>locutionem</strong></span> <span class='ocrx_word' id='word_1_302' title='bbox 1007 3680 1079 3740; x_wconf 85' lang='lat' dir='ltr'><strong>conf.</strong></span> <span class='ocrx_word' id='word_1_303' title='bbox 1096 3677 1171 3736; x_wconf 81' lang='lat' dir='ltr'><strong>Mut-</strong></span> <span class='ocrx_word' id='word_1_304' title='bbox 1206 3730 1209 3741; x_wconf 95' lang='lat'><em>.</em></span> 
     </span>
     <span class='ocr_line' id='line_1_36' title="bbox 128 3762 1172 3846; baseline 0.001 -27"><span class='ocrx_word' id='word_1_305' title='bbox 128 3763 208 3839; x_wconf 70' lang='lat' dir='ltr'><strong>attigi</strong></span> <span class='ocrx_word' id='word_1_306' title='bbox 219 3762 257 3820; x_wconf 83' lang='lat' dir='ltr'><strong>od</strong></span> <span class='ocrx_word' id='word_1_307' title='bbox 265 3762 378 3824; x_wconf 78' lang='lat' dir='ltr'><strong>ctoriae</strong></span> <span class='ocrx_word' id='word_1_308' title='bbox 392 3766 518 3843; x_wconf 79' lang='lat' dir='ltr'><strong>frugum.</strong></span> <span class='ocrx_word' id='word_1_309' title='bbox 531 3788 561 3846; x_wconf 85' lang='lat' dir='ltr'><strong>p.</strong></span> <span class='ocrx_word' id='word_1_310' title='bbox 572 3769 623 3832; x_wconf 80' lang='lat'><strong>83.</strong></span> <span class='ocrx_word' id='word_1_311' title='bbox 674 3768 751 3828; x_wconf 72' lang='lat' dir='ltr'>thiae</span> <span class='ocrx_word' id='word_1_312' title='bbox 766 3767 817 3825; x_wconf 87' lang='lat' dir='ltr'><strong>Gr.</strong></span> <span class='ocrx_word' id='word_1_313' title='bbox 833 3767 884 3825; x_wconf 87' lang='lat' dir='ltr'><strong>Gr.</strong></span> <span class='ocrx_word' id='word_1_314' title='bbox 898 3785 965 3844; x_wconf 83' lang='lat' dir='ltr'>pog-</span> <span class='ocrx_word' id='word_1_315' title='bbox 979 3769 1043 3830; x_wconf 84' lang='lat'><strong>620</strong></span> <span class='ocrx_word' id='word_1_316' title='bbox 1057 3768 1088 3823; x_wconf 86' lang='lat' dir='ltr'><strong>et</strong></span> <span class='ocrx_word' id='word_1_317' title='bbox 1098 3781 1172 3842; x_wconf 79' lang='lat' dir='ltr'><strong>quae</strong></span> 
     </span>
     <span class='ocr_line' id='line_1_37' title="bbox 132 3845 1172 3930; baseline 0 -24"><span class='ocrx_word' id='word_1_318' title='bbox 132 3877 172 3890; x_wconf 89' lang='lat'><strong>-·</strong></span> <span class='ocrx_word' id='word_1_319' title='bbox 194 3845 238 3906; x_wconf 85' lang='lat' dir='ltr'><strong>De</strong></span> <span class='ocrx_word' id='word_1_320' title='bbox 257 3847 319 3925; x_wconf 79' lang='lat' dir='ltr'>ipso</span> <span class='ocrx_word' id='word_1_321' title='bbox 346 3847 460 3928; x_wconf 80' lang='lat' dir='ltr'>Aeropo</span> <span class='ocrx_word' id='word_1_322' title='bbox 478 3854 623 3930; x_wconf 80' lang='lat' dir='ltr'><strong>disputare</strong></span> <span class='ocrx_word' id='word_1_323' title='bbox 673 3852 729 3911; x_wconf 77' lang='lat' dir='ltr'><strong>ulia</strong></span> <span class='ocrx_word' id='word_1_324' title='bbox 741 3873 758 3912; x_wconf 84' lang='lat' dir='ltr'>o</span> <span class='ocrx_word' id='word_1_325' title='bbox 771 3851 887 3911; x_wconf 76' lang='lat' dir='ltr'><strong>Graecis</strong></span> <span class='ocrx_word' id='word_1_326' title='bbox 901 3849 1172 3927; x_wconf 79' lang='lat' dir='ltr'><strong>Letiuisvescripto·</strong></span> 
     </span>
     <span class='ocr_line' id='line_1_38' title="bbox 128 3929 1171 4008; baseline -0.001 -17"><span class='ocrx_word' id='word_1_327' title='bbox 128 3935 161 3991; x_wconf 83' lang='lat' dir='ltr'><strong>et</strong></span> <span class='ocrx_word' id='word_1_328' title='bbox 175 3929 288 4008; x_wconf 80' lang='lat' dir='ltr'><strong>tongum</strong></span> <span class='ocrx_word' id='word_1_329' title='bbox 302 3937 331 3992; x_wconf 84' lang='lat' dir='ltr'><strong>et</strong></span> <span class='ocrx_word' id='word_1_330' title='bbox 344 3934 380 3992; x_wconf 82' lang='lat' dir='ltr'><strong>ob</strong></span> <span class='ocrx_word' id='word_1_331' title='bbox 401 3934 536 3996; x_wconf 87' lang='lat' dir='ltr'><strong>hocloco</strong></span> <span class='ocrx_word' id='word_1_332' title='bbox 556 3937 624 3996; x_wconf 77' lang='lat' dir='ltr'><strong>atie·</strong></span> <span class='ocrx_word' id='word_1_333' title='bbox 673 3936 748 3996; x_wconf 76' lang='lat' dir='ltr'><strong>ribus</strong></span> <span class='ocrx_word' id='word_1_334' title='bbox 766 3937 794 3996; x_wconf 77' lang='lat' dir='ltr'><strong>tu</strong></span> <span class='ocrx_word' id='word_1_335' title='bbox 809 3936 828 3996; x_wconf 90' lang='lat' dir='ltr'><strong>l.</strong></span> <span class='ocrx_word' id='word_1_336' title='bbox 850 3935 941 3995; x_wconf 83' lang='lat' dir='ltr'><strong>ottuiit</strong></span> <span class='ocrx_word' id='word_1_337' title='bbox 961 3934 1171 3994; x_wconf 79' lang='lat' dir='ltr'><strong>Valckenarius.</strong></span> 
     </span>
     <span class='ocr_line' id='line_1_39' title="bbox 127 4013 1170 4100; baseline -0.001 -25"><span class='ocrx_word' id='word_1_338' title='bbox 127 4035 213 4090; x_wconf 73' lang='lat' dir='ltr'><strong>norm,</strong></span> <span class='ocrx_word' id='word_1_339' title='bbox 235 4017 364 4078; x_wconf 74' lang='lat' dir='ltr'><strong>disceruit</strong></span> <span class='ocrx_word' id='word_1_340' title='bbox 382 4019 523 4098; x_wconf 83' lang='lat' dir='ltr'><strong>pluribus,</strong></span> <span class='ocrx_word' id='word_1_341' title='bbox 551 4039 624 4098; x_wconf 79' lang='lat' dir='ltr'><strong>quac</strong></span> <span class='ocrx_word' id='word_1_342' title='bbox 673 4051 716 4067; x_wconf 93' lang='lat'><strong>·-</strong></span> <span class='ocrx_word' id='word_1_343' title='bbox 736 4019 782 4079; x_wconf 86' lang='lat' dir='ltr'><strong>De</strong></span> <span class='ocrx_word' id='word_1_344' title='bbox 800 4042 855 4081; x_wconf 81' lang='lat' dir='ltr'><strong>uru</strong></span> <span class='ocrx_word' id='word_1_345' title='bbox 881 4019 1033 4100; x_wconf 71' lang='lat' dir='ltr'><strong>particulae</strong></span> <span class='ocrx_word' id='word_1_346' title='bbox 1061 4013 1119 4097; x_wconf 76' lang='grc' dir='ltr'><strong>γάρ</strong></span> <span class='ocrx_word' id='word_1_347' title='bbox 1141 4015 1170 4074; x_wconf 90' lang='lat' dir='ltr'><strong>in</strong></span> 
     </span>
     <span class='ocr_line' id='line_1_40' title="bbox 122 4101 1170 4185; baseline -0.001 -25"><span class='ocrx_word' id='word_1_348' title='bbox 122 4101 168 4160; x_wconf 76' lang='lat' dir='ltr'><strong>od</strong></span> <span class='ocrx_word' id='word_1_349' title='bbox 178 4101 319 4179; x_wconf 81' lang='lat' dir='ltr'><strong>Aeropum</strong></span> <span class='ocrx_word' id='word_1_350' title='bbox 334 4111 478 4182; x_wconf 75' lang='lat' dir='ltr'><strong>spectant,</strong></span> <span class='ocrx_word' id='word_1_351' title='bbox 494 4106 622 4166; x_wconf 79' lang='lat' dir='ltr'><strong>Grouerc</strong></span> <span class='ocrx_word' id='word_1_352' title='bbox 673 4105 797 4185; x_wconf 83' lang='lat' dir='ltr'><strong>proxime</strong></span> <span class='ocrx_word' id='word_1_353' title='bbox 817 4105 996 4184; x_wconf 71' lang='lat' dir='ltr'><strong>sequentibus</strong></span> <span class='ocrx_word' id='word_1_354' title='bbox 1017 4103 1090 4161; x_wconf 84' lang='lat' dir='ltr'><strong>cont.</strong></span> <span class='ocrx_word' id='word_1_355' title='bbox 1110 4105 1170 4162; x_wconf 80' lang='lat' dir='ltr'><strong>not</strong></span> 
     </span>
     <span class='ocr_line' id='line_1_41' title="bbox 126 4187 853 4266; baseline 0.001 -20"><span class='ocrx_word' id='word_1_356' title='bbox 126 4188 158 4246; x_wconf 86' lang='lat' dir='ltr'><strong>in</strong></span> <span class='ocrx_word' id='word_1_357' title='bbox 173 4187 367 4246; x_wconf 82' lang='lat' dir='ltr'><strong>dirrertutioue</strong></span> <span class='ocrx_word' id='word_1_358' title='bbox 386 4187 515 4266; x_wconf 78' lang='lat' dir='ltr'><strong>laudate,</strong></span> <span class='ocrx_word' id='word_1_359' title='bbox 536 4209 570 4250; x_wconf 82' lang='lat' dir='ltr'><strong>oc</strong></span> <span class='ocrx_word' id='word_1_360' title='bbox 585 4190 622 4249; x_wconf 80' lang='lat' dir='ltr'><strong>si·</strong></span> <span class='ocrx_word' id='word_1_361' title='bbox 671 4192 709 4250; x_wconf 82' lang='lat' dir='ltr'><strong>ud</strong></span> <span class='ocrx_word' id='word_1_362' title='bbox 722 4189 767 4263; x_wconf 92' lang='lat' dir='ltr'><strong>ll,</strong></span> <span class='ocrx_word' id='word_1_363' title='bbox 784 4193 853 4253; x_wconf 88' lang='lat'>116.</span> 
     </span>
     <span class='ocr_line' id='line_1_42' title="bbox 128 4265 1168 4355; baseline -0.001 -25"><span class='ocrx_word' id='word_1_364' title='bbox 128 4271 245 4348; x_wconf 78' lang='lat' dir='ltr'><strong>gilletim</strong></span> <span class='ocrx_word' id='word_1_365' title='bbox 266 4270 302 4329; x_wconf 87' lang='lat' dir='ltr'><strong>de</strong></span> <span class='ocrx_word' id='word_1_366' title='bbox 323 4273 382 4331; x_wconf 79' lang='lat' dir='ltr'><strong>eim</strong></span> <span class='ocrx_word' id='word_1_367' title='bbox 405 4277 511 4352; x_wconf 74' lang='lat' dir='ltr'><strong>putria,</strong></span> <span class='ocrx_word' id='word_1_368' title='bbox 539 4295 623 4352; x_wconf 84' lang='lat' dir='ltr'><strong>quum</strong></span> <span class='ocrx_word' id='word_1_369' title='bbox 716 4267 903 4355; x_wconf 77' lang='grc' dir='ltr'><strong><em>δςβοάλοιτο</em></strong></span> <span class='ocrx_word' id='word_1_370' title='bbox 917 4265 1030 4349; x_wconf 69' lang='grc' dir='ltr'><strong><em>ποινήν</em></strong></span> <span class='ocrx_word' id='word_1_371' title='bbox 1044 4271 1101 4345; x_wconf 84' lang='grc' dir='ltr'><strong>τῆς</strong></span> <span class='ocrx_word' id='word_1_372' title='bbox 1114 4267 1168 4330; x_wconf 73' lang='lat' dir='ltr'><strong>Al.</strong></span> 
     </span>
     <span class='ocr_line' id='line_1_43' title="bbox 127 4351 1170 4438; baseline -0.003 -21"><span class='ocrx_word' id='word_1_373' title='bbox 127 4357 290 4436; x_wconf 76' lang='lat' dir='ltr'><strong>Herodotur</strong></span> <span class='ocrx_word' id='word_1_374' title='bbox 305 4361 388 4432; x_wconf 74' lang='lat' dir='ltr'><strong>toret,</strong></span> <span class='ocrx_word' id='word_1_375' title='bbox 403 4377 468 4438; x_wconf 73' lang='lat' dir='ltr'><strong>pag.</strong></span> <span class='ocrx_word' id='word_1_376' title='bbox 478 4359 520 4426; x_wconf 82' lang='lat'><strong>64</strong></span> <span class='ocrx_word' id='word_1_377' title='bbox 534 4379 625 4438; x_wconf 77' lang='lat' dir='ltr'><strong>seqq,</strong></span> <span class='ocrx_word' id='word_1_378' title='bbox 675 4353 781 4420; x_wconf 77' lang='grc' dir='ltr'><strong><em>σάπον</em></strong></span> <span class='ocrx_word' id='word_1_379' title='bbox 794 4360 898 4438; x_wconf 72' lang='grc' dir='ltr'><strong><em>ψυχῆς</em></strong></span> <span class='ocrx_word' id='word_1_380' title='bbox 916 4351 1090 4433; x_wconf 72' lang='grc' dir='ltr'><strong><em>ἀνελέσθαι]</em></strong></span> <span class='ocrx_word' id='word_1_381' title='bbox 1112 4355 1131 4413; x_wconf 92' lang='lat' dir='ltr'><strong>i.</strong></span> <span class='ocrx_word' id='word_1_382' title='bbox 1145 4373 1170 4414; x_wconf 90' lang='lat' dir='ltr'><strong>e.</strong></span> 
     </span>
     <span class='ocr_line' id='line_1_44' title="bbox 128 4439 1170 4524; baseline -0.003 -21"><span class='ocrx_word' id='word_1_383' title='bbox 128 4441 168 4503; x_wconf 93' lang='lat' dir='ltr'><strong>de</strong></span> <span class='ocrx_word' id='word_1_384' title='bbox 178 4449 322 4521; x_wconf 86' lang='lat' dir='ltr'><strong>tempore,</strong></span> <span class='ocrx_word' id='word_1_385' title='bbox 341 4459 396 4518; x_wconf 86' lang='lat' dir='ltr'><strong>quo</strong></span> <span class='ocrx_word' id='word_1_386' title='bbox 410 4444 536 4508; x_wconf 83' lang='lat' dir='ltr'><strong>floruerit</strong></span> <span class='ocrx_word' id='word_1_387' title='bbox 546 4447 622 4524; x_wconf 79' lang='lat' dir='ltr'>p.81</span> <span class='ocrx_word' id='word_1_388' title='bbox 676 4447 702 4504; x_wconf 81' lang='lat' dir='ltr'><strong>oi</strong></span> <span class='ocrx_word' id='word_1_389' title='bbox 715 4447 775 4524; x_wconf 74' lang='lat' dir='ltr'><strong>puio</strong></span> <span class='ocrx_word' id='word_1_390' title='bbox 785 4439 1100 4524; x_wconf 78' lang='lat' dir='ltr'><strong>pocuomrepetereoettet</strong></span> <span class='ocrx_word' id='word_1_391' title='bbox 1111 4457 1170 4500; x_wconf 81' lang='lat' dir='ltr'><strong>coc·</strong></span> 
     </span>
    </p>
   </div>
   <div class='ocr_carea' id='block_1_4' title="bbox 0 0 1529 5218">
    <p class='ocr_par' dir='ltr' id='par_1_6' title="bbox 0 0 1529 5218">
     <span class='ocr_line' id='line_1_45' title="bbox 0 0 1529 5218; baseline 0 0"><span class='ocrx_word' id='word_1_392' title='bbox 0 0 1529 5218; x_wconf 95' lang='lat' dir='ltr'><strong> </strong></span> 
     </span>
    </p>
   </div>
  </div>
 </body>
</html>
