2996 5184
356 351 423 441 ros*
651 369 1006 434 snronorr

357 539 483 628 ίίγοιοι
504 533 675 624 sytriam)
704 539 760 608 sui
781 535 862 618 roric
881 535 1072 623 Ἀσσυρίους
1092 534 1303 622 ὑποχειρίους
1314 545 1349 599 σι

336 659 573 747 ίίυοιὴσυντο,
596 655 682 744 πλὴν
703 663 761 744 τῆς
781 659 995 746 Βαβυλωνίης
1015 655 1142 742 μοίρης.
1170 653 1254 741 μετὰ
1275 653 1311 720 ὁὶ

357 783 477 860 τοῦτο,
524 773 701 864 Κυαξάρης
738 775 799 862 μὲν,
836 773 1033 864 βασιλεύσας
1072 773 1315 859 τεσσεράκοντα

358 901 448 981 ἔτεα,
470 894 535 966 oris
553 903 642 966 scios
664 895 800 966 Σκύθου
820 889 939 986 ἦρξαν,
960 899 1102 985 τελευτᾷ.

317 1063 523 1080 ‚dn-u·-

316 1146 424 1204 niorum
437 1161 533 1220 regum
548 1143 714 1204 mentionem
722 1145 810 1203 fectu-
860 1161 977 1222 qnserss
997 1144 1025 1203 in
1048 1144 1100 1220 iis,
1123 1163 1196 1222 quae
1208 1143 1246 1202 de
1262 1140 1359 1200 Hero·

316 1251 377 1290 rum
391 1229 424 1292 ἒυ
436 1235 513 1290 τοῖσι
528 1222 709 1310 Ἀσσυρίοισι
716 1219 809 1308 λόγου·
860 1230 943 1290 doteo
958 1248 1045 1308 opere
1056 1229 1145 1288 Musis
1158 1229 1289 1306 inscripto
1302 1227 1358 1284 ad-

318 1334 357 1378 or.
379 1313 471 1390 Atque
480 1313 642 1374 Aristoteles
652 1314 725 1372 Hist
740 1314 809 1372 Ani·
860 1314 916 1374 huc
929 1323 1086 1394 supersunt.
1114 1315 1215 1392 Neque
1229 1313 1283 1370 hoc
1304 1311 1358 1368 rni-

315 1399 470 1472 mtl.VlH,
486 1403 528 1463 20
542 1399 599 1474 (18
611 1399 809 1474 susurrio.)
859 1419 928 1457 nrm.
971 1400 1165 1461 Scimusenim
1179 1397 1358 1457 Herodotum

318 1478 441 1547 eiusdem
470 1484 602 1560 Assyriae
622 1485 753 1544 historiae
773 1485 809 1544 ab
861 1483 962 1542 multos
975 1503 1027 1562 per
1042 1503 1131 1544 annos
1147 1484 1307 1544 elabamur
1325 1483 1357 1537 in

255 1563 261 1572 ’
318 1570 465 1630 Herodoto
495 1570 669 1649 conscriptae
688 1570 812 1628 meminit
831 1590 836 1598 ·
862 1588 947 1649 opere
961 1571 1219 1648 conscribendoper
1231 1563 1355 1642 singutas

319 1663 347 1717 et
362 1656 473 1732 quidem
489 1655 613 1728 coloro,
632 1655 680 1712 ubi
695 1654 731 1713 de
741 1653 810 1713 Nini
861 1660 972 1734 partes,
992 1656 1103 1732 saepius
1119 1649 1357 1714 retrectrtrrsiiias

306 1741 465 1817 ⁴obsidione
497 1741 543 1799 ilie
577 1739 683 1797 locutus
719 1741 809 1798 suerit.
862 1740 987 1817 quidem,
1009 1740 1069 1798 eliis
1090 1741 1211 1812 additis,
1231 1737 1294 1794 atris
1314 1755 1359 1794 re-

319 1826 484 1903 Sedinipso
493 1825 659 1884 Aristotelen
670 1824 730 1884 loco
740 1843 812 1884 nuno
863 1825 961 1900 sectis,
982 1843 1072 1902 usque
1087 1825 1154 1884 dum
1165 1823 1279 1883 Thuriis
1294 1839 1360 1880 ver-

320 1911 434 1973 ecodd.
450 1929 483 1968 uc
503 1911 674 1970 versionibus
692 1909 812 1987 antiquis
863 1915 969 1969 sentem
1003 1927 1098 1970 senem
1115 1911 1155 1968 in
1184 1905 1358 1967 absolvendo

320 1997 470 2076 repositum
481 1997 606 2056 videmus
617 1993 752 2068 Ἡσίοδος
760 2013 813 2074 pro
863 2013 949 2074 opere
983 2013 1057 2054 mors
1093 1998 1248 2073 usurparet
1297 1991 1357 2059 Qui
1388 2029 1391 2031 >

318 2076 485 2162 Ἡρόδοτος.
533 2079 659 2159 Deque
689 2082 815 2144 videatur
862 2082 946 2157 igitur
974 2081 1011 2141 de
1044 2077 1221 2158 Assyriorum
1242 2075 1358 2136 historit

320 2164 480 2228 Schneideri
500 2167 652 2226 ednotntio.
694 2165 814 2244 Deipss
863 2165 1036 2244 peculisn'tsr
1049 2166 1079 2224 in
1092 2163 1219 2244 episodiu
1235 2162 1357 2240 quadum

323 2250 436 2325 Assyrii
451 2249 581 2324 historin,
610 2269 693 2326 quarn
707 2249 814 2310 Noster
863 2251 910 2326 (ut
924 2269 950 2310 v.
967 2271 991 2310 c
1013 2252 1050 2311 de.
1065 2250 1174 2327 Lydis,
1194 2249 1231 2307 de
1251 2247 1359 2320 Persis,

321 2336 393 2394 binis
410 2333 486 2395 hisce
499 2336 567 2394 locis
584 2334 742 2412 pollicetur,
765 2353 812 2393 ec·
863 2335 924 2394 aliis
932 2338 1031 2396 eodem
1038 2339 1122 2395 modo
1135 2334 1265 2410 loquitur,
1271 2332 1359 2390 histo-

204 2473 210 2490 ,
321 2420 441 2479 curatius
454 2420 594 2496 inquisivit
609 2419 812 2496 Wcsselingius
862 2421 932 2479 riam
945 2421 1119 2499 persecutus)
1144 2417 1284 2478 metendi
1297 2413 1353 2471 sibi

320 2505 478 2564 Dissertett.
492 2505 640 2564 Herodoti.
654 2525 697 2586 cp.
713 2507 768 2583 Ip.
781 2508 811 2568 9.
864 2507 903 2564 ito
921 2513 1121 2586 proposuerat,
1142 2511 1174 2563 ut
1195 2503 1270 2561 initio
1288 2497 1353 2555 iibri

321 2591 393 2649 Sunt
408 2592 482 2649 enirn
503 2589 549 2666 qui
562 2591 701 2668 peculiare
715 2587 813 2650 Nostri
864 2591 918 2650 ium
945 2590 1061 2651 lectores
1088 2611 1125 2651 eo
1144 2589 1301 2664 ablegaret,
1327 2583 1356 2640 ’Β

322 2674 483 2754 opuseulum
497 2675 533 2733 de
540 2673 716 2753 Assyriorum
727 2675 814 2734 histo-
863 2694 927 2735 eam
941 2677 1031 2754 ipssrn
1046 2677 1130 2737 credo
1143 2673 1290 2755 postmodo
1302 2688 1360 2728 suo

321 2761 363 2819 rie
386 2759 525 2820 exstitisse-
539 2761 605 2821 inde
631 2761 814 2833 concludant3
863 2760 925 2820 Ιοοο
939 2764 1062 2825 inserere
1071 2761 1115 2822 vei
1129 2761 1230 2821 oblitus
1241 2755 1286 2817 rei
1306 2757 1362 2814 irn-

322 2863 487 2923 qusmquarn
506 2847 604 2905 mirum
626 2849 751 2926 profecto
769 2852 814 2908 est
863 2847 977 2927 peditus
992 2848 1052 2907 suit.
1095 2846 1169 2917 Sed,
1192 2841 1362 2922 qunefuerit

322 2931 465 2991 onemine
481 2931 534 2990 elio
548 2932 682 3010 scriptore
693 2931 814 3011 posteri·
863 2951 947 2992 eorus
974 2933 1094 2992 omissae
1116 2930 1276 3009 episodiee,
1313 2927 1362 2984 vix

322 3016 380 3074 oris
402 3019 500 3076 sentis
522 3017 561 3092 (si
576 3017 612 3075 ab
635 3037 692 3077 nno
706 3017 814 3076 Aristo-
864 3019 979 3078 definire
995 3037 1069 3077 nnnc
1083 3016 1172 3077 liceat.
1193 3015 1360 3085 Hsecsunt,

321 3101 384 3162 telis
397 3100 460 3162 loco
478 3103 599 3162 incertae
618 3103 742 3164 iectionis
757 3102 815 3160 dis·
864 3121 937 3181 quae
948 3103 985 3162 de
999 3103 1114 3178 Assyria
1126 3095 1362 3160 Herodotihisto-

323 3189 463 3266 cesseris),
485 3189 557 3247 hunc
576 3189 714 3249 Herodoti
727 3187 815 3245 histo·
864 3183 904 3246 rie
917 3188 983 3246 mihi
998 3188 1116 3266 piarent
1139 3185 1251 3245 Cautius
1269 3182 1299 3240 in
1311 3179 1360 3239 his

322 3275 391 3332 riam
406 3272 547 3352 Assyrium
572 3272 686 3332 laudari.
730 3273 815 3332 Unde
864 3274 961 3332 statuit
972 3272 1148 3346 Dahlmann,
1160 3289 1241 3346 quern
1252 3265 1304 3326 Tu
1318 3267 1362 3325 ri-

323 3357 388 3416 mihi
409 3365 483 3416 certe
504 3357 585 3416 valde
604 3359 718 3416 dubium
736 3360 815 3417 vide-
864 3356 917 3432 de,
938 3358 968 3416 in
981 3359 1117 3417 Herodot.
1138 3373 1203 3435 pag·
1216 3357 1282 3419 229
1297 3371 1356 3428 flet}

323 3449 380 3513 tur,
415 3442 591 3500 Herodotum
611 3461 733 3518 unquam
757 3441 814 3502 tule
862 3437 1357 3521 laeger.Disputt.Herodott(Got-

322 3543 395 3601 opus
406 3531 518 3602 praeter
531 3525 646 3600 Musas,
675 3547 745 3604 quas
765 3528 814 3585 ha·
863 3528 1042 3608 ting.1828)
1055 3547 1121 3606 pag.
1135 3529 1176 3594 15
1197 3527 1226 3584 in
1239 3521 1358 3584 eandem

323 3609 436 3679 bernus,
457 3612 671 3687 conscripsissu3
691 3614 815 3690 quicum
865 3615 1031 3674 sententiam
1047 3615 1210 3692 disputans,
1229 3611 1297 3670 lunc
1311 3607 1360 3665 di·

323 3693 436 3770 ssepius
454 3694 507 3753 hoc
528 3695 631 3754 citandi
648 3698 733 3756 modo
752 3702 813 3754 uts-
862 3700 1036 3776 pressionem
1058 3697 1210 3757 nemetioni
1231 3696 1363 3753 inseren-

323 3785 383 3850 mr,
400 3783 432 3836 ut
444 3781 481 3838 ad
496 3773 604 3860 λόγους
616 3782 814 3861 selpreegres·
863 3785 927 3842 dum
942 3787 1036 3862 utique
1051 3785 1081 3842 iu
1095 3781 1234 3862 scriptoris
1250 3797 1360 3858 propo-

323 3881 372 3920 sos
391 3863 435 3922 vel
457 3872 607 3941 sequentes
622 3867 752 3926 unnrdet
771 3866 811 3926 le·
862 3871 916 3927 sito
931 3871 1018 3929 fuisse
1031 3875 1127 3930 censet
1141 3875 1171 3928 et
1186 3867 1300 3944 quidem
1314 3861 1358 3919 υΙ-

324 3952 428 4023 ctores,
448 3949 519 4008 birris
532 3948 663 4010 illisionis
672 3969 733 4010 eam
744 3971 813 4030 ope-
863 3955 931 4014 tima
944 3955 1005 4014 libri
1024 3953 1099 4012 tertii
1120 3959 1218 4031 purte,
1240 3950 1283 4007 ubi
1295 3947 1357 4004 Bu·

324 4031 362 4088 ris
382 4034 426 4090 sui
444 4039 552 4111 partem
570 4057 594 4094 s.
609 4043 694 4114 ceput
709 4036 813 4098 intelle-
863 4039 991 4116 bylonise
1011 4058 1063 4117 per
1080 4039 1221 4119 Zopyrum
1238 4050 1359 4111 reeupe-

323 4115 399 4177 ruse
414 4117 535 4195 videtin,
554 4141 611 4198 qno
629 4121 812 4200 peurlifflter,
863 4123 933 4183 ratio
959 4125 1092 4203 optimum
1119 4117 1277 4203 praebuerit
1308 4137 1360 4177 os-

324 4219 375 4300 per
392 4201 546 4282 episodiam
571 4205 685 4284 opinor,
713 4213 814 4269 tructa-
862 4211 1009 4269 urionem.

293 4353 295 4364 1
324 4293 402 4348 vernt
429 4289 466 4348 rie
488 4288 666 4367 Assyriorum
690 4295 812 4354 historia.
906 4288 1072 4374 Κυαξάρης
1086 4290 1143 4374 μὲν
1156 4323 1200 4340 --
1215 4291 1359 4372 τελευτᾷ]

324 4372 362 4433 At
374 4373 698 4458 tutemepisodiumuuuc
711 4383 813 4441 frustra
863 4376 950 4452 Quod
961 4379 1092 4444 [sechui
1106 4401 1123 4441 e
1139 4377 1294 4442 rationibus
1311 4395 1360 4436 ae·
