2990 5228
311 377 319 404 Ι
397 442 957 522 nunnnouor.11,121.
1185 449 1252 516 ⁹18

96 616 215 697 surripit
236 622 265 677 et
285 616 324 676 ud
344 615 435 677 luceru
457 617 580 696 profert,
608 615 722 675 indiuun'
743 617 854 678 videtur
871 636 953 695 reges
981 633 1017 676 er
1035 615 1138 678 intimis
1160 623 1251 683 terrae

97 719 181 798 quusi
201 717 381 799 receptaculis
402 737 474 797 qune
501 719 532 778 in
558 717 646 777 luceru
668 717 792 778 educitur
811 722 897 795 utque
918 717 1061 779 emittitur.
1104 718 1166 780 Nee
1190 721 1251 783 rine

97 823 180 899 gruvi
204 819 327 900 periculo
349 821 486 882 duruuove
505 820 559 880 hoe
580 819 640 878 fieri
661 824 771 898 potest:
806 818 855 897 qui
876 819 949 878 enim
976 819 1031 879 hoc
1056 820 1138 880 nobie
1167 805 1250 902 prue-

97 930 158 983 etut
179 928 359 1001 segetemque
379 924 408 982 in
429 930 504 983 terre
523 921 665 982 eonditum
685 921 713 978 iu
733 920 825 980 lucem
847 923 971 1000 profert,
1005 921 1029 980 ir
1049 929 1166 987 mortem
1187 925 1250 1005 ipse

98 1026 184 1085 obeut
204 1031 233 1084 et
254 1044 362 1086 summa
382 1043 511 1103 quaeque
531 1025 593 1102 ipre
613 1021 869 1101 patieturneceree
891 1028 943 1084 est.
979 1023 1038 1083 Ubi
1057 1025 1146 1086 teneri
1167 1027 1249 1088 velim

97 1129 231 1188 notiones
252 1128 290 1188 de
321 1127 376 1186 deo
397 1125 571 1205 perpetiente
595 1130 625 1185 et
644 1121 717 1183 muln
744 1121 865 1184 humnuu
888 1125 1024 1186 subeunte
1049 1128 1087 1186 ud
1114 1128 1250 1190 beneficia

97 1230 222 1290 humano
251 1229 346 1307 generi
366 1227 521 1288 tribuudu.
563 1226 628 1287 vrd.
650 1226 783 1286 cieuzeri
810 1227 934 1305 Symbut.
962 1227 989 1287 ΙΙ
1016 1245 1080 1307 pag.
1102 1230 1166 1295 379
1187 1249 1266 1309 req.-

99 1332 162 1392 uoll.
184 1334 218 1393 C.
238 1333 276 1392 0.
297 1330 405 1391 Miller.
424 1329 443 1389 t
465 1329 484 1389 l.
506 1347 573 1410 pag.
596 1327 667 1394 155.
695 1326 744 1387 Au
764 1326 932 1408 Aegyptiam
952 1329 1075 1390 r'ubulnur
1093 1331 1247 1393 denham-

100 1434 205 1516 psinitu
226 1434 347 1514 pertinet
367 1433 491 1493 eiusdem
512 1449 623 1509 quoque
643 1430 718 1506 regie
738 1429 792 1491 iter
810 1431 848 1491 erl
868 1431 987 1508 inseror,
1008 1433 1153 1513 iprumque
1171 1454 1247 1495 uum.

101 1537 232 1596 mercium
255 1555 316 1597 cum
342 1535 395 1597 diis
421 1535 540 1594 interim
567 1532 750 1617 praesidibus.
813 1532 873 1594 Sed
899 1533 937 1596 rte
963 1533 1006 1596 hir
1032 1535 1090 1596 vid.
1115 1541 1187 1598 nott
1207 1540 1246 1599 nd

103 1637 149 1713 11,
174 1641 244 1705 122
