2990 5228
384 477 447 542 ΔΙ)
488 476 780 542 ΗΕΒΟΒΟΤ.
812 479 844 555 1,
872 479 924 546 94.
1160 483 1225 546 895

5 683 8 740 !
79 669 173 730 eoque
189 637 281 727 alagia
300 647 391 722 tradi,
409 649 486 728 quod
508 647 553 710 ille
571 648 641 711 baec
659 647 807 710 a'Xantbo
827 647 955 726 neglecta
966 649 1089 712 vidisset.
1131 649 1225 714 Hero·

5 801 10 838 5
79 757 180 816 dotum
190 761 285 814 autem
300 750 405 810 Xanthi
418 753 589 812 narrationes
607 752 705 828 salsas,
726 771 795 830 quas
816 751 932 831 putabat
951 751 1134 829 refellendas,
1155 754 1224 814 alia-

79 877 139 935 que
147 900 156 931 ,
177 856 212 915 ab
227 856 282 914 isto
294 852 415 929 omissa,
434 853 590 932 supplenda
604 855 656 914 sibi
671 855 801 916 sumsisse
813 855 920 914 monuit
938 841 1069 915 Creuzer.
1082 857 1111 914 in
1125 855 1220 932 Symb.

78 960 108 1019 11
124 979 153 1038 p.
168 961 232 1024 828
247 963 316 1033 not,
337 956 509 1035 multumque
522 955 628 1015 Xanthi
649 956 757 1016 silentio
776 957 952 1016 tribuendum
965 972 1028 1017 esse
1042 957 1116 1018 idem
1128 963 1224 1034 negat,

78 1083 145 1124 cum
157 1061 286 1134 Xantho,
307 1062 413 1139 quippe
430 1059 523 1138 Lydio
539 1059 662 1133 homini,
684 1059 750 1118 satis
769 1076 868 1120 causae
886 1059 999 1119 subesse
1017 1061 1155 1139 potuerit,
1176 1078 1226 1119 cur

5 1145 7 1238 q
80 1165 201 1238 celaret,
224 1181 297 1240 quae
310 1162 402 1222 minus
417 1163 543 1223 facerent
563 1161 600 1220 ad
619 1163 711 1238 gentis
730 1179 797 1220 suae
814 1159 931 1238 gloriam
949 1167 1032 1239 atque
1047 1162 1222 1239 dignitatem,

81 1268 230 1329 Herodoto
244 1284 328 1340 vero,
348 1283 432 1340 quem
449 1264 479 1323 in
492 1265 555 1344 ipsa
569 1261 651 1323 ltalia
665 1281 735 1344 opus
749 1281 827 1322 enum
845 1263 996 1325 absolvisse
1009 1263 1145 1338 norimus,
1165 1282 1225 1324 me·

83 1373 134 1431 lius
151 1370 249 1447 ntique
268 1367 307 1426 de
325 1365 368 1425 his
384 1367 467 1427 rebus
488 1365 627 1443 inquirere
647 1384 797 1450 rerumque
814 1364 947 1442 indagare
967 1364 1081 1424 licuerit
1122 1363 1224 1442 Neque

83 1473 135 1534 hoc
150 1471 300 1532 admodum
321 1467 409 1542 valet,
433 1469 509 1545 quod
529 1467 707 1526 Etruscorum
722 1485 830 1540 mores,
858 1467 1000 1541 initiante,
1029 1467 1083 1526 alia
1101 1485 1119 1526 a
1136 1465 1224 1543 Lydis

82 1560 233 1652 tantopere
247 1571 357 1630 differre
370 1569 454 1647 vulgo
467 1568 602 1642 clamant3
621 1570 733 1630 minime
753 1569 826 1632 enirn
846 1568 916 1629 baec
939 1574 1017 1628 tanta
1037 1588 1100 1629 esse
1120 1569 1225 1632 dudum

85 1677 182 1737 statuit
192 1673 379 1733 Wecbsmuth
399 1671 506 1748 (iibere
519 1671 619 1732 Geseh.
632 1671 721 1732 Roma
741 1691 769 1750 p.
785 1663 852 1747 85),
873 1671 941 1749 quia
957 1670 1075 1746 vestigia
1093 1669 1225 1730 nonnulla
1322 1748 1325 1754 .

84 1778 274 1860 reperiantur,
303 1775 403 1853 quibua
428 1781 574 1853 utramque
593 1780 705 1851 gentem
733 1767 824 1833 unius*
839 1773 1018 1850 eiusdemque
1045 1773 1137 1851 stirpis
1162 1793 1226 1833 esse

82 1879 226 1963 probabile
245 1880 303 1938 fiat
345 1877 489 1937 Pertinent
510 1877 577 1954 huc,
599 1878 719 1955 quaein
738 1877 879 1954 utriusque
893 1877 984 1953 gentis
1006 1874 1167 1952 religionem
1184 1876 1225 1935 al-

82 1986 137 2044 tius
150 1981 296 2060 indaganti
311 1980 421 2038 obviam
436 1981 506 2039 finnt
519 1981 594 2040 haud
607 1998 699 2060 pauca
713 1980 795 2039 valde
810 1997 934 2056 congrua
954 1984 982 2038 et
1001 1995 1135 2058 perquam
1148 1978 1226 2037 simi·

80 2088 134 2162 lia,
154 2087 296 2164 pertinent
317 2101 431 2159 quoque
445 2081 499 2142 hue
520 2103 570 2157 ea,
599 2101 671 2160 quae
692 2083 731 2142 de
751 2081 823 2141 aeris
846 2079 1006 2140 elaborandi
1026 2087 1102 2154 arte,
1123 2077 1153 2139 iu
1168 2097 1240 2158 qua,

79 2197 199 2266 utraque
215 2204 285 2264 gens
298 2185 397 2244 minam
414 2185 443 2242 in
457 2187 570 2245 modum
583 2173 756 2257 excelluerit,
777 2181 863 2259 vulgo
874 2184 1069 2262 profemntur,
1089 2184 1139 2240 aut
1152 2197 1225 2258 quae
1321 2211 1325 2220 ·

80 2295 118 2353 de
130 2292 309 2350 Etruseorum
321 2285 493 2345 vestimentis
507 2306 524 2345 e
536 2284 630 2362 Lydia
644 2285 802 2364 repetendis
818 2285 921 2344 traditu
934 2285 1109 2345 inveniuntur
1135 2280 1225 2361 (cont.

81 2395 115 2453 C.
132 2395 169 2452 0.
183 2389 292 2449 Miller.
308 2387 460 2447 Etruscal
480 2407 510 2467 p.
523 2391 595 2453 262
610 2388 699 2462 270),
722 2385 777 2446 alia
797 2405 869 2466 qnae
890 2387 1016 2465 proferre
1036 2385 1151 2464 longum
1173 2391 1224 2446 est.

80 2495 127 2554 Aa
139 2493 253 2568 linguae
267 2491 348 2549 etiam
365 2489 585 2564 similitudinem,
607 2490 644 2548 ad
660 2489 741 2548 ludos
753 2488 934 2548 Etruscorum
948 2489 1086 2565 nomicos,
1108 2493 1138 2548 et
1151 2507 1225 2567 quae

82 2600 150 2656 sunt
167 2594 210 2652 his
228 2590 341 2664 similia,
364 2592 409 2650 alii
431 2591 626 2672 respiciunt*).
669 2592 777 2660 Quibus
797 2591 853 2652 alia
876 2590 945 2651 haec
968 2591 1033 2651 bina
1049 2609 1123 2650 aune
1143 2589 1224 2649 addit

83 2699 249 2769 Oreuseras,
280 2712 352 2771 quae
371 2713 424 2773 pro
443 2693 590 2754 Herodoto
608 2713 734 2774 pugnare
753 2694 959 2772 quodammodo
981 2713 1042 2754 cum
1064 2693 1223 2768 rideantur,

79 2801 192 2861 minime
204 2797 250 2858 ille
264 2796 409 2876 praeteriri
419 2796 486 2856 vult.
528 2797 588 2856 Eat
601 2797 630 2856 Τ
630 2796 779 2878 beopompi
802 2795 879 2856 locus
901 2815 936 2856 ex
954 2795 1000 2855 lib.
1014 2795 1083 2854 XXI
1100 2793 1222 2874 Philipp.

79 2905 156 2983 apud
173 2900 348 2960 Athenaeum
368 2898 422 2958 Xll
441 2921 469 2980 p.
482 2899 546 2965 526
567 2905 635 2959 tom.
648 2897 689 2958 1v
709 2916 737 2977 p.
750 2897 812 2964 457
832 2897 1002 2974 Schweigh,
1024 2897 1072 2984 ubi
1093 2895 1161 2957 baec
1180 2897 1224 2956 iu·

78 3007 221 3067 venimus:
242 2997 276 3062 sd
293 3003 355 3061 coia
372 2993 543 3081 Ὀμβρικῶν
556 2997 672 3074 Ιίθνος,
694 2995 755 3062 taos
768 2995 802 3062 dl
815 2997 886 3080 recol
903 2994 957 3062 τοίν
974 2991 1113 3080 Ἀδρίαν,
1135 2996 1226 3061 lacau

78 3112 144 3184 κοῖς
157 3101 238 3170 εἶναι
251 3099 458 3184 ἁβροδίαιτον,
471 3101 689 3183 παραπλησίως
701 3122 733 3163 τε
746 3095 947 3181 βιοτεύειν
969 3104 1053 3173 τοῖς
1064 3101 1225 3174 Λυδοῖς.

78 3212 140 3272 lam
160 3229 226 3270 vero
246 3225 329 3267 nemo
351 3204 455 3279 nescit,
490 3223 573 3283 quarn
594 3204 650 3264 late
669 3203 791 3283 patuerit
809 3221 911 3262 nomeu
934 3195 1105 3282 Ὀμβρικῶν
1127 3202 1225 3264 Tbeo-

78 3313 177 3392 pornpi
190 3315 300 3383 aetate,
321 3313 352 3366 ut
372 3307 491 3386 proinde
515 3305 632 3366 Etrusci
651 3307 694 3366 his
712 3303 908 3384 comprehendi
926 3304 1056 3365 debeant.
1098 3301 1224 3365 Alterum

78 3412 149 3470 illud
169 3416 231 3484 est,
251 3408 327 3486 quod
339 3407 474 3484 Sibyllina
486 3407 676 3468 Romanorum
695 3406 804 3468 oracula
823 3405 957 3470 iubebant
971 3405 1085 3466 Idaeam
1105 3413 1223 3468 matrem

78 3513 151 3586 coli,
165 3518 197 3570 nt
209 3499 357 3569 auctorest
368 3508 462 3568 Livius
472 3509 615 3587 XXXIX,
630 3515 679 3576 10.
706 3510 799 3589 Atque
814 3507 897 3568 etiam
910 3507 999 3568 Varro
1017 3508 1077 3588 (ap.
1095 3509 1223 3570 Serrium

79 3615 111 3673 in
125 3613 203 3690 virg.
224 3608 295 3670 Aen.
311 3610 365 3684 Vl,
378 3612 436 3686 3⁶)
457 3611 590 3688 Sibyllam
611 3612 702 3688 illam,
723 3630 797 3691 quae
815 3609 969 3687 Tarquinio
990 3609 1101 3671 oranda
1115 3611 1223 3673 obtule·

78 3721 140 3790 rat,
164 3731 216 3794 pro
229 3711 386 3792 Erythraeo
405 3712 500 3774 habet.
549 3713 630 3781 Quae
647 3735 692 3775 res
708 3712 861 3773 Niebnbrio
882 3731 994 3790 quoque
1011 3713 1041 3773 in
1054 3713 1136 3774 Rom.
1156 3713 1222 3775 hist.

78 3817 94 3876 1
113 3837 142 3896 p.
155 3815 218 3881 680
238 3815 282 3874 ed.
305 3815 417 3873 secund.
438 3813 560 3874 lonicara
582 3814 691 3873 illorurn
708 3812 879 3876 oraculorum
898 3815 1033 3892 originem
1051 3834 1168 3893 arguere
1180 3817 1223 3874 ri·

76 3923 169 3978 detur.
218 3914 280 3978 Nos
306 3916 469 3976 dixerimus:
494 3916 579 3977 etiam
596 3913 733 3996 maan,
762 3915 989 3995 quandoquiden
1016 3915 1112 3978 Mater
1136 3915 1223 3980 Idoco

118 4209 144 4278 ·)
168 4208 248 4274 „vid
261 4206 306 4262 the
319 4209 437 4263 dssslcal
447 4209 536 4277 ioum.
553 4209 629 4275 1810,
647 4209 673 4265 11
690 4226 716 4279 ρ.
731 4207 784 4264 535
795 4211 888 4278 seqq.“
911 4211 960 4265 Gr.
1002 4207 1045 4264 'l'u
1065 4209 1134 4264 cont.
1153 4227 1222 4278 quas

166 4295 200 4348 de
214 4292 288 4361 Atyia
303 4295 406 4348 nomine
420 4293 531 4349 diximus
544 4293 579 4348 ad
592 4294 720 4348 Herodot.
733 4295 761 4360 1,
775 4295 800 4348 7.
824 4295 893 4350 Hinc
905 4289 1010 4349 minime
1021 4295 1128 4362 mltum,
1142 4297 1220 4350 Gallo

165 4379 243 4432 docto
265 4377 524 4445 (anoni-uomens
539 4378 638 4433 histoir.
655 4380 689 4434 de
703 4379 834 4434 l'dtabliss.
850 4381 876 4434 d.
888 4381 973 4434 colon.
986 4381 1107 4450 enecat
1127 4397 1152 4449 p.
1166 4379 1219 4436 358

164 4464 251 4533 seqq.)
272 4463 451 4520 Herodoteam
467 4465 642 4520 narrationem
655 4470 684 4518 ut
695 4465 778 4533 magis
791 4481 878 4520 raram
889 4465 1002 4537 probari.
