3008 5186
408 441 471 516 rm
717 410 1070 511 nsnonosr

404 609 582 699 Ἀκαρνὰν,
611 613 837 704 χρησμολόγος
864 611 964 702 ἀνὴρ,
992 614 1030 696 ὅς
1056 615 1091 686 οἱ
1118 611 1271 701 προσιόν
1289 619 1365 706 χρᾷ

406 731 444 800 ἐν
464 732 627 825 ἑξαμέτρῳ
648 734 755 828 τόσῳ,
784 734 862 806 crido
883 735 1004 821 λέγων·

461 848 609 924 'Ebisma
622 852 647 912 β’
661 850 678 912 ό
692 854 789 924 βόλος,
804 851 837 914 ri
850 853 882 913 dl
896 857 1011 924 δόκιμοι
1024 852 1233 914 ἐκπεπέτασται·

466 939 573 1000 brimo
589 940 621 999 δ’
635 939 783 1016 οἰμήσουσι
800 945 944 1016 σεληναίης
959 943 1008 1002 διὰ
1026 939 1134 1010 marie.
1372 945 1404 1001 85

363 1231 540 1309 Gronovius,
580 1238 610 1292 ut
643 1224 790 1315 Ἀχορνόν
829 1255 852 1294 s.
905 1233 1051 1295 Heindorf.
1098 1251 1163 1314 pag.
1208 1233 1279 1296 287.
1317 1225 1399 1288 Alias

362 1309 510 1396 Ἀκοονόν
532 1318 604 1378 idem
631 1319 723 1379 valere
749 1321 856 1380 diceret
904 1321 1069 1398 thynnorum
1109 1316 1269 1396 piscationis
1301 1315 1427 1384 crebra,

361 1410 446 1479 atque
467 1397 641 1484 Ἀχαρνεός,
669 1423 723 1481 quo
750 1405 855 1464 Acbar-
905 1405 1025 1478 men'ti03
1068 1423 1141 1481 quae
1168 1401 1330 1481 plerumque
1358 1399 1400 1456 ita

361 1491 455 1547 nensis
475 1489 542 1565 pagi
562 1490 634 1550 ciues
649 1488 693 1548 ille
709 1489 853 1570 perhibea—
904 1491 1008 1566 fiebat,
1031 1497 1061 1548 ut
1082 1489 1144 1566 quis
1165 1487 1193 1545 in
1209 1487 1295 1545 albrrn
1310 1484 1403 1544 locun

361 1577 413 1630 tur.
456 1569 519 1632 sna
538 1575 574 1633 de
595 1573 648 1634 boc
666 1580 729 1633 vate
749 1593 854 1652 suppe-
904 1576 1102 1649 adscenderet,
1136 1573 1210 1631 unde
1232 1571 1405 1646 thynnorum

360 1657 460 1716 ditabit
486 1647 623 1719 densius
657 1659 685 1716 in
717 1657 853 1718 Pisistrat.
905 1679 1018 1738 gregem
1035 1657 1235 1738 specularetur,
1257 1675 1313 1733 quo
1328 1656 1404 1727 viso,

360 1757 421 1822 0⁸1>-
436 1741 465 1808 5·
904 1748 1014 1821 signnm
1033 1744 1215 1824 piscatoribus
1232 1741 1326 1813 daret,
1352 1739 1403 1816 qui

401 1819 615 1908 χρησμολόγος]
636 1825 853 1906 devoraturis,
903 1831 1008 1890 retibus
1028 1833 1116 1887 toturn
1137 1845 1252 1904 gregem
1273 1823 1402 1884 indude·

360 1914 409 1989 qut
426 1913 536 1972 orando
555 1911 623 1988 edil,
646 1912 781 1992 Apollinis
802 1935 854 1973 nu-
903 1922 973 1975 rent.
1005 1914 1090 1984 Quod
1114 1920 1180 1990 post
1201 1911 1401 1970 l’hilostratnm

358 1997 562 2058 mineafflatus.
604 1997 675 2058 Alibi
687 2001 852 2060 oraculorum
903 2005 932 2060 iu
946 1999 1020 2060 loon.
1036 1998 1067 2073 l,
1090 2001 1129 2062 13
1147 1997 1259 2076 copiose
1271 2013 1332 2053 rem
1345 1996 1398 2054 de-
1478 2025 1480 2030 ·

358 2089 398 2162 ‘Ji
415 2087 555 2162 interpres,
588 2091 619 2143 ut
638 2085 705 2160 Vll,
728 2089 756 2149 6.
789 2083 850 2149 142
901 2087 1063 2146 scribentem
1084 2090 1149 2161 apte
1174 2081 1279 2141 monuit
1301 2078 1394 2138 Blom-

358 2175 388 2228 e't
401 2169 476 2246 apud
494 2166 659 2229 Pausaniam
673 2167 701 2243 I,
717 2171 759 2236 84
774 2167 802 2249 ἓ.
819 2171 850 2246 3,
901 2172 973 2230 lield.
993 2171 1012 2229 l.
1031 2169 1068 2242 l.,
1089 2168 1174 2226 multa
1187 2167 1239 2226 alia
1254 2165 1392 2242 colligens,

357 2253 405 2312 ubi
418 2254 473 2310 vid.
486 2251 587 2312 Siebel.
900 2256 975 2315 unde
1012 2259 1087 2314 certe
1115 2253 1169 2311 boc
1200 2251 1335 2330 probatur
1365 2251 1394 2308 id

400 2335 536 2413 ἔρβιπτοι
550 2332 580 2399 δ’
600 2334 618 2398 ό
634 2329 739 2416 βόλος]
761 2331 849 2418 βόλος
898 2341 1023 2421 piscandi
1039 2358 1128 2416 gensis
1146 2335 1396 2414 frequentissimum

357 2426 389 2478 ut
401 2419 563 2481 Latinorum
577 2423 711 2495 iaculum,
732 2422 776 2482 hic
788 2425 850 2482 bre-
899 2427 986 2485 fuisse
1020 2423 1157 2500 valdeque
1192 2421 1216 2480 ei
1240 2419 1391 2478 indulsisse

324 2518 330 2524 ·
356 2505 417 2563 vius
439 2507 505 2566 retis
536 2527 624 2584 genus
650 2507 716 2582 (ein
743 2508 848 2567 kleines
898 2518 1021 2581 veteres,
1042 2509 1166 2588 inprimis
1184 2506 1288 2565 Atticos
1302 2503 1388 2562 bomi-

356 2589 510 2669 Zugnetn)
538 2593 640 2650 indicat
665 2593 786 2670 indeque
806 2593 849 2650 di·
897 2616 958 2656 nes.
981 2594 1065 2653 Unde
1079 2595 1235 2670 imaginem,
1255 2608 1307 2666 qun
1322 2607 1390 2646 ora·

356 2675 505 2753 stinguitur
516 2677 552 2733 ab
566 2695 616 2750 eo,
634 2679 710 2755 quod
726 2679 848 2741 όίοισοον
898 2682 986 2740 udum
1008 2679 1108 2754 utitur,
1135 2699 1193 2736 non
1211 2677 1290 2751 longe
1306 2693 1392 2753 repe-

355 2760 460 2821 dicitur.
482 2761 656 2838 Praeterea,
677 2781 750 2841 quae
762 2763 847 2822 Lexi·
897 2768 976 2825 titam
997 2771 1025 2824 et
1040 2764 1210 2842 quaesitam,
1232 2761 1282 2822 sed
1298 2779 1333 2819 er
1344 2779 1394 2818 so-

355 2865 388 2906 oa
413 2845 549 2920 offerunt,
576 2846 625 2906 Cr.
656 2849 763 2906 conseri
779 2850 848 2908 Biit-
896 2849 1130 2910 lemnihominum
1143 2847 1292 2906 Atticorum
1311 2865 1393 2905 oocu-

354 2931 435 3005 tiger.
454 2929 484 2986 in
501 2929 645 2992 Amalthea
660 2933 686 2991 ll
706 2951 771 3012 pag.
784 2939 846 2999 307
896 2937 1010 3016 petione
1038 2935 1190 2992 desumtam
1216 2951 1280 2992 esse
1304 2931 1390 3008 quivis
1433 2981 1440 2996 ,

353 3019 412 3072 not.
431 3013 507 3072 Alias
525 3013 544 3078 ό
560 3011 648 3095 βόλος
668 3019 704 3076 de
723 3020 845 3096 piscibus
895 3019 1051 3100 perspiciet.
1093 3017 1188 3076 Simile
1205 3023 1296 3077 tarnen
1319 3015 1389 3074 effa-

353 3099 423 3178 ipsis
442 3119 498 3158 uno
518 3104 585 3161 retis
603 3103 675 3160 iactu
697 3105 784 3181 captis
804 3104 846 3160 di·
895 3113 955 3164 tum
978 3103 1088 3163 Helveti
1109 3102 1215 3160 comitis
1240 3103 1276 3160 ad
1304 3099 1388 3158 'l'uri-

353 3185 437 3258 citur3
459 3195 489 3245 ut
500 3187 528 3244 in
540 3185 667 3264 Aeschyl.
683 3187 760 3247 Pers.
771 3187 844 3262 430,
895 3209 991 3250 censes
1009 3209 1043 3248 ex
1056 3189 1077 3247 1.
1100 3187 1210 3248 blidleri
1227 3187 1297 3246 nist
1318 3184 1389 3243 Hel-

351 3271 399 3328 ubi
414 3271 469 3330 vid.
484 3271 638 3332 Blomfield.
656 3273 685 3330 in
703 3272 845 3347 Glossar.;
895 3282 948 3334 vet.
969 3273 982 3330 I
1002 3295 1030 3353 p.
1051 3275 1114 3339 492
1135 3274 1218 3331 affert
1253 3272 1320 3344 Cn,
1340 3271 1387 3327 ubi

351 3354 395 3414 cui
421 3355 471 3414 Cr.
493 3357 571 3415 addit
590 3353 783 3432 Wyttenbaob.
808 3359 844 3416 ad
894 3359 1066 3438 potissimum
1079 3357 1192 3418 attende
1208 3357 1276 3416 baec
1290 3356 1388 3414 rerba:

351 3438 489 3502 Plutarch.
503 3441 612 3498 Morall.
627 3441 687 3500 Vol.
697 3440 723 3498 li
733 3462 762 3519 p.
772 3447 842 3510 683.
892 3444 1020 3518 „Ziirich
1044 3444 1081 3502 ist
1103 3463 1158 3502 von
1175 3443 1285 3502 meiuen
1301 3441 1389 3499 Herr-

350 3523 425 3582 rane
438 3525 466 3582 in
480 3523 508 3581 T
508 3525 619 3584 benerit.
633 3525 656 3599 l,
679 3525 720 3590 40
734 3545 750 3584 a
764 3529 845 3586 scho-
892 3530 1016 3588 schatten
1030 3531 1079 3587 soie
1091 3531 1133 3588 ein
1144 3525 1225 3587 Fiscl
1240 3547 1300 3586 vom
1312 3528 1388 3587 Gom

350 3607 394 3666 liis
406 3608 555 3686 explicatur
570 3606 662 3691 ἄγρα,
685 3619 713 3670 et
724 3609 842 3670 Latinus
890 3613 1045 3690 ιιοιςςοόοοέι

351 3694 468 3771 scriptor
480 3693 568 3752 Varro
586 3695 718 3753 vocabulo
733 3699 842 3756 Graeco
933 3691 1049 3761 θόννοι
1061 3691 1091 3761 δ’
1105 3691 1287 3778 οἰμήσουσι]
1310 3691 1389 3760 θύν-

243 3841 245 3846 ,
349 3776 417 3836 lucri
434 3797 518 3838 sensu
537 3781 620 3838 utitur
637 3780 665 3837 in
682 3781 739 3840 bis:
762 3781 841 3855 „sed
891 3804 940 3844 νοι
962 3804 995 3844 ex
1023 3785 1287 3846 Scbdlershemiano
1317 3785 1390 3843 libro

349 3868 381 3920 nt
394 3862 466 3922 hunc
479 3865 565 3923 bolam
584 3868 760 3942 pervenias.“
781 3865 841 3941 (De
892 3889 953 3928 cum
995 3871 1156 3930 Gaissordio
1187 3869 1388 3950 praetulimus;

348 3945 579 4023 Beccadelli,
603 3953 639 4025 2,
663 3955 752 4030 161).
777 3954 841 4017 278
889 3954 974 4032 vulgo
992 3957 1103 4029 θόνοι,
1133 3955 1178 4014 alii
1200 3951 1303 4016 θόνοι.
1344 3953 1384 4010 Εἰ

348 4032 493 4112 Schneid.)
518 4034 675 4113 Respicitur
697 4041 788 4096 autem
811 4039 840 4096 in
875 4038 1077 4103 .Blomtieldius
1099 4060 1228 4119 quoque,
1256 4040 1301 4098 ubi
1327 4055 1381 4093 no-

348 4119 645 4197 oraudo,qnodl1.l.
667 4120 784 4198 legitur,
807 4141 840 4182 ea
889 4130 975 4181 strum
991 4125 1080 4184 locmn
1104 4127 1196 4203 attigit
1219 4127 1246 4182 in
1264 4125 1383 4182 annota-

347 4203 480 4281 piscatio,
506 4223 577 4281 quae
596 4207 662 4282 quia
684 4213 765 4267 nocte
790 4207 839 4266 fie-
889 4210 964 4267 tione
977 4209 1102 4286 laudata,
1124 4213 1182 4271 iure
1195 4210 1283 4270 scribit
1296 4198 1382 4268 adv.

348 4288 410 4364 bot,
445 4287 654 4372 νυκτιρεοιική
689 4293 839 4366 dicebatur,
888 4314 952 4368 νοις
979 4295 1084 4372 quippe
1102 4315 1174 4376 quae
1192 4302 1234 4356 est
1256 4291 1384 4370 legitima

347 4374 384 4432 de
403 4394 458 4452 qua
480 4373 532 4439 Cr.
555 4377 621 4436 citat
642 4375 713 4437 Plat
742 4378 770 4436 in
784 4378 837 4436 So·
887 4379 1112 4459 vocisscriptura.
1155 4381 1295 4440 ludicatur
1312 4397 1383 4439 vero

346 4459 429 4538 phisb
450 4465 516 4541 pag·
541 4465 622 4539 220,
647 4462 686 4542 D,
705 4465 752 4525 ubi
780 4465 835 4525 vid.
887 4463 1003 4526 tionum
1029 4465 1141 4525 scombcr
1166 4465 1301 4543 Linnaei,
1331 4467 1392 4545 qui.
