3008 5172
416 413 481 478 65⁰
713 412 1077 476 HERODOTI

415 578 482 661 νιξ·
527 577 590 666 ἔναι’
619 581 680 668 μὲν
706 606 766 667 μιν
790 575 853 649 οὐκ
882 575 989 661 εἶδον,
1021 581 1051 650 ri
1071 577 1117 668 μή
1140 577 1223 649 ὅσον
1243 584 1366 668 γραφῇ·

414 700 471 769 not
490 699 554 787 yolo
578 699 619 788 δὴ
646 701 702 770 καὶ
732 698 870 778 σπάνιος
899 700 1054 792 ἐπιφοιτᾷ
1081 717 1157 788 σφι,
1195 699 1252 768 διὰ
1272 699 1370 768 ἐτέων

394 819 488 910 2(olc
513 819 759 890 Ἡλιουπολῑται
787 821 938 909 λέγουσι)
969 824 1205 890 πεντακοσίων.
1249 825 1419 908 pontoium

415 941 452 1012 di
471 938 546 1011 τότε
568 941 665 1028 φασὶ,
688 939 788 1009 ἐπεάν
808 944 842 1010 ol
862 939 1021 1030 ἀποθάνῃ
1043 939 1062 1012 ὁ
1083 940 1200 1031 πατήρ.
1234 942 1303 1010 ἔστι
1325 941 1372 1024 δὲ,

414 1064 445 1132 el
467 1068 508 1152 τῇ
528 1067 643 1150 γραφῇ
666 1058 869 1147 παρόμοιος,
903 1061 1040 1131 τοσόσδε
1059 1062 1116 1132 καὶ
1136 1060 1285 1131 τοιόσδε·
1330 1057 1374 1128 τὰ

414 1180 476 1271 μὲν
496 1180 601 1252 αὐτοῦ
622 1177 814 1270 χρυσόκομα
831 1185 899 1249 τῶν
920 1161 1067 1267 ατεὸοῖν,
1088 1181 1201 1266 τὰδὲ,
1223 1179 1371 1269 ἐρυθρά·

414 1301 448 1384 ἐς
473 1301 515 1371 rei
540 1299 683 1391 μάλιστα
711 1303 808 1395 αἰετῷ
843 1301 1039 1392 περιήγησιν
1064 1298 1278 1390 ὁμοιότατος,
1309 1301 1371 1372 aet

371 1620 495 1681 rationes
516 1620 580 1679 hinc
601 1622 747 1697 spectant,
779 1637 865 1696 quae-
915 1619 1036 1680 nvemin
1055 1616 1241 1678 monumentis
1260 1614 1413 1696 Aegyptin-

371 1725 482 1784 onnque
515 1706 552 1764 de
579 1724 613 1764 eo
638 1705 808 1779 reseruntur,
828 1703 865 1776 ad
915 1707 955 1766 eis
970 1705 1044 1764 docti
1059 1704 1151 1777 Galli3
1173 1709 1219 1779 ut,
1233 1721 1306 1781 quae
1318 1701 1415 1762 Hero·

371 1791 460 1852 nolem
474 1794 581 1870 spectat
596 1790 667 1848 adeo
683 1792 771 1848 t'orma
786 1789 866 1849 hubi·
916 1792 999 1851 dotus
1013 1790 1130 1864 scribat,
1145 1790 1212 1848 inde
1227 1789 1333 1868 optime
1345 1809 1416 1848 eon·

371 1883 473 1956 rusque
489 1875 548 1934 uvir
571 1880 599 1934 et
619 1874 695 1932 oolor
711 1894 865 1954 purpureus
915 1878 1024 1936 firmata
1039 1875 1221 1934 inveniantur.
1243 1873 1307 1934 Vid.
1324 1875 1418 1936 ereu-

371 1983 406 2024 ae
421 1961 592 2041 splendidus.
614 1960 657 2020 Ex
668 1960 780 2033 Arabia,
795 1981 867 2038 quae
916 1964 973 2022 neri
988 1962 1081 2021 laudd.
1095 1959 1114 2018 l.
1131 1961 1148 2019 l.
1169 1979 1235 2038 pug-
1248 1958 1314 2025 439
1329 1979 1391 2038 seq.

372 2047 485 2109 orientii
513 2046 641 2106 solis-est
663 2052 752 2119 terra,
779 2046 867 2124 proti-
959 2044 1000 2120 οἱς
1024 2044 1246 2107 Ἡλιοπολῖται
1272 2043 1416 2127 λέγουσι]

371 2131 437 2196 cisni
458 2133 580 2207 dieitur,
601 2138 710 2210 patrem
729 2137 866 2190 mortuum
915 2131 1061 2209 Intelligit,
1097 2131 1199 2204 eredo,
1234 2132 1418 2191 sanerdotinn

371 2221 439 2298 (i..e
453 2225 561 2298 tempus
576 2215 806 2296 praeterlapsum,
813 2215 867 2276 hoc
916 2217 1073 2295 ootegtum,
1095 2216 1170 2294 qnod
1194 2235 1332 2276 summum
1351 2217 1418 2277 He-

370 2325 507 2368 annorum
520 2300 595 2381 cyclo
612 2301 865 2378 absolutum)myr-
914 2303 1009 2383 liopoli
1020 2303 1145 2361 floruisse
1157 2303 1324 2381 accepimus.
1346 2303 1417 2362 Vid.

370 2388 614 2452 rltdadoviinstar
627 2386 866 2462 involutum(uam
916 2409 999 2496 snpra
1012 2387 1106 2460 adll,
1121 2389 1152 2451 3.
1168 2391 1199 2450 Ἰ-

370 2481 481 2554 tempus
511 2472 690 2553 praeteritum
731 2471 865 2532 inclusum
957 2498 995 2536 τα
986 2469 1076 2554 plu
1109 2463 1210 2533 αντοῦ
1238 2465 1417 2552 χρυσόκομα

370 2559 451 2640 quasi
465 2565 576 2618 tenetur
588 2577 639 2616 neo
657 2577 780 2636 unquam
799 2559 865 2618 iude
914 2563 976 2622 τοῖν
992 2560 1126 2638 πτερῶν]
1142 2557 1249 2617 Plinius
1263 2559 1299 2616 H.
1314 2557 1350 2616 N.
1369 2559 1413 2633 X,

370 2645 444 2708 elabi
457 2646 566 2723 potest)
580 2642 865 2724 delatnrnsHeliopo·
914 2645 970 2713 2:
969 2643 1106 2723 „aquilae
1123 2649 1251 2702 narratur
1267 2643 1412 2718 magnitu-

368 2730 510 2812 polinie.
528 2728 600 2787 Solis
615 2729 643 2786 in
657 2731 770 2802 urbem;
783 2730 865 2809 quip·
914 2733 994 2807 dine,
1016 2731 1076 2790 nuri
1103 2729 1212 2806 fulgore
1238 2727 1306 2786 eirea
1325 2725 1413 2804 colla,

368 2836 407 2897 pe
419 2814 471 2874 Sol
483 2820 525 2876 est
530 2815 601 2890 ,qui
617 2819 725 2915 ternpus
737 2821 863 2914 praeter·
913 2825 1006 2878 oetera
1024 2815 1205 2895 purpureus“
1234 2819 1261 2872 et
1286 2812 1413 2876 Achilles

369 2901 508 2982 lapsum
500 2921 530 2960 in
548 2918 580 2958 re
593 2902 672 2976 quusi
690 2900 805 2980 recipiat
819 2905 863 2958 et·
915 2902 1015 2962 Tatius
1026 2900 1065 2961 lll
1079 2921 1122 2980 ep.
1131 2901 1213 2980 251>
1220 2899 1292 2972 215
1292 2919 1318 3003 1ι.
1326 2919 1355 2978 p.
1365 2905 1413 2966 80

267 3049 270 3056 ,
369 3007 425 3066 que
441 2988 560 3062 oondat,
580 3003 683 3046 novum
697 2991 805 3063 tempus
813 2986 863 3044 de
913 2987 967 3047 lac.
986 2984 1164 3067 κεκέρασται
1186 2979 1299 3064 plo*
1264 3007 1300 3046 τοι
1315 2981 1414 3067 mepd

368 3091 426 3133 nuo
439 3073 571 3132 editurus.
613 3073 693 3132 Haec
713 3071 809 3150 paucis
826 3071 863 3130 ad
913 3075 1015 3158 χρυσῷ
1041 3071 1093 3134 καὶ
1123 3073 1283 3170 πορφυρᾶ.
1328 3071 1415 3139 Quae

368 3157 577 3236 intelligentiam
597 3158 708 3219 fabulae
731 3155 863 3215 Herodo·
912 3135 1025 3233 afferd,
1051 3177 1087 3216 ne
1107 3157 1173 3232 quis
1191 3177 1254 3216 eum
1278 3156 1414 3218 δεΙιιιιείο

367 3250 432 3305 tene
450 3243 590 3304 declarata
609 3263 682 3304 nune
708 3241 862 3312 sufficiant3
913 3203 1063 3318 (adsolin.
1081 3241 1210 3319 p.,885
1226 3243 1267 3316 b)
1282 3243 1328 3302 hic
1344 3245 1416 3302 seri-

369 3348 443 3408 qnae
455 3349 503 3407 qm
495 3329 698 3408 'reputaverit,
719 3327 743 3384 is
764 3327 863 3406 opinor
912 3329 1032 3388 bendum
1038 3323 1135 3406 putet
1152 3319 1335 3406 χρυσόιοιιιια
1354 3345 1413 3403 pro

367 3413 519 3490 intelliget,
541 3435 590 3474 eur
605 3413 745 3494 postera'
738 3411 862 3490 inprimis
913 3407 1103 3494 χρυσόκομας
1125 3413 1272 3490 quodcum
1290 3411 1413 3471 denotet

368 3500 462 3561 aetate
488 3499 616 3576 adeoque
645 3498 791 3559 christiana
810 3517 862 3576 pro
913 3497 1088 3558 aurearoma
1102 3499 1281 3568 instructum,
1301 3494 1413 3556 meae

367 3583 579 3644 immortnlttutio
609 3591 638 3646 et
665 3585 864 3642 rerurrectionis
912 3602 968 3661 que
980 3583 1054 3643 bene
1073 3583 1111 3642 ad
1129 3597 1234 3642 aureum
1248 3598 1413 3657 pennarum

367 3668 493 3774 symbolo
508 3670 628 3748 phoenix
644 3669 752 3728 habitus
768 3669 861 3728 fuerit.
912 3669 970 3727 avis
983 3667 1102 3728 colorem
1114 3665 1281 3727 transfertur.
1312 3663 1415 3743 Atque

403 3747 469 3858 ἕζετ’
490 3752 545 3834 μέν
563 3778 615 3836 μιν
635 3746 694 3815 ονίι
714 3747 814 3828 εἶδον,
835 3753 864 3816 εἰ
911 3753 975 3812 his
968 3754 1038 3832 ipsis
1053 3753 1199 3824 coloritus,
1212 3767 1301 3808 aureo
1318 3755 1350 3810 et
1363 3772 1415 3810 ru-

366 3832 865 4001 resalutatione
911 3839 981 3985 tit:
1000 3841 1089 3983 itt}
1104 3835 1160 3978 ”li
1182 3797 1416 3997 lttssttt‘lt

363 4013 474 4090 pictura
497 4029 545 4070 eeu
562 4010 666 4088 pictum
695 4009 860 4086 cognovisse
910 3946 1106 4079 monimentis,
1119 4011 1252 4064 monente
1265 4004 1419 4064 lomnrrlo.

366 4115 456 4158 avem.
498 4094 556 4154 Ubi
574 4093 740 4154 locutionem
756 4117 839 4175 γραφ
912 4095 997 4155 conf.
1012 4095 1139 4152 Creuzer.
1151 4089 1169 4148 l.
1185 4088 1204 4147 l.
1221 4108 1290 4168 pag
1300 4089 1367 4156 440
1383 4099 1418 4152 et

365 4179 521 4260 Euripideis
542 4178 609 4239 locis
633 4180 704 4239 binis
732 4099 862 4262 (Hippop
912 4201 984 4258 quae
999 4179 1115 4238 citantur
1127 4175 1389 4237 abHenriehnen.l.
1397 4177 1418 4237 l.

368 4265 462 4332 1005
490 4263 599 4325 T.roed
625 4267 712 4341 682)
745 4265 863 4324 illustrat
910 4285 977 4347 pag.
991 4269 1012 4330 7
1035 4269 1095 4322 not.
1108 4265 1157 4326 17

366 4349 577 4424 Valckenarius,
598 4349 727 4426 eoutll,
746 4352 796 4416 78.
823 4349 862 4408 Et
954 4347 985 4422 ἐς
1014 4343 1052 4410 nd
1077 4339 1209 4450 μαλιστα
1235 4343 1326 4426 alno
1349 4369 1416 4408 ιτε-

366 4455 476 4518 reapse
492 4436 532 4498 rie
564 4436 669 4518 pictam
701 4442 862 4518 repererunt
912 4407 1311 4518 ριηγησινόμοιὸτατος]
1328 4427 1415 4506 te
1371 4455 1415 4495 τα
