3006 5174
348 1171 833 1264 ΗΡοΔονον

173 1395 633 1474 ΙΣΤΟΡΙΩΝ
691 1397 998 1476 ΠΡΩΤΗ.

476 1668 511 1734 Κ
530 1670 562 1734 Α
582 1669 615 1734 Ε
635 1669 659 1736 1
675 1669 720 1734 ti.

103 1781 368 1869 Hnoaomn
409 1799 691 1894 Ἀλιιιαονηιιῆος
738 1801 884 1892 ἱστορίης
931 1797 1080 1886 ἀπόδεξις

74 2008 287 2028 Ἂ-

115 2117 290 2202 Ἦροδότοιι
313 2118 578 2211 Ἆδιιιαρνησσῇις]
618 2129 760 2192 Monstrat
773 2127 1116 2210 illaalterainpartehn-

70 2202 118 2263 De
135 2209 279 2288 scriptura
298 2216 414 2274 noruiuis
431 2216 510 2294 plura
526 2235 578 2274 no-
618 2216 707 2276 tonini
719 2215 893 2294 imperatoris
905 2215 1054 2293 imaginent
1065 2219 1118 2278 ad·

72 2295 200 2352 tarenon
226 2299 328 2359 attinet
353 2307 484 2380 postea,
504 2320 578 2379 qnae
620 2302 679 2361 dita
702 2301 897 2378 imuipfione,
926 2301 1013 2361 alteru
1036 2308 1118 2381 parte

80 2376 406 2459 elSrhweighaeuserus
429 2393 458 2446 et
492 2387 577 2444 Gais-
617 2387 769 2463 hnaginsn
789 2387 904 2464 capitis,
924 2387 1002 2466 quod
1025 2387 1119 2448 Hero-

70 2459 169 2556 fordins
187 2477 366 2530 monuerunt.
417 2472 500 2540 Quae
524 2473 576 2530 ad·
618 2472 677 2530 doti
694 2491 757 2530 esse
775 2477 804 2530 et
818 2472 986 2548 comparatio
1003 2473 1118 2532 camillo

72 2543 108 2640 dit
144 2547 324 2630 Creuzcrus,
368 2557 408 2615 ad
435 2557 575 2616 Herodoti
616 2555 709 2635 lapide
733 2562 762 2615 et
776 2555 857 2634 ipsae
878 2554 976 2616 literae
995 2558 1120 2620 adiectae

72 2633 201 2708 magirsos
232 2642 390 2719 pertinent:
429 2659 576 2717 „quarum
617 2641 789 2700 continuant.
830 2639 1120 2701 Cthlillin.1lnnsll.

69 2713 159 2791 plnres
190 2726 346 2803 antiquitus
369 2725 509 2785 exstitisse
529 2727 576 2784 vix
618 2725 902 2803 encycloped.1817.
916 2725 992 2784 sont
1014 2746 1042 2806 p.
1057 2729 1121 2792 218

70 2799 185 2864 dubisnn
202 2819 264 2884 est,
286 2830 348 2868 clun
361 2811 453 2868 adhuc
466 2829 576 2870 sannen
617 2810 759 2876 -220.“
812 2808 859 2868 De
895 2809 1033 2870 Herodoti
1068 2829 1121 2891 pa-

70 2892 196 2966 snpersit
229 2895 404 2954 Christodori
445 2895 578 2973 Coptitae
618 2895 689 2968 tria,
708 2893 923 2969 Halicarnasso,
945 2904 1048 2956 certina
1072 2913 1121 2955 ex-
1234 2916 1236 2924 ’

72 2969 102 3028 in
130 2973 270 3037 Herodoti
295 2981 462 3056 irnnghem,
504 2999 578 3056 quae
618 2986 675 3038 stat
689 2979 835 3037 Strabonis
854 2981 1040 3040 tesfiiuouium
1053 2979 1121 3040 XIV

74 3055 337 3142 Constantinopolin
355 3065 491 3123 translata
510 3070 579 3124 erat.
618 3085 648 3144 p.
675 3063 738 3128 656
762 3065 859 3140 (970,
881 3066 940 3142 a).
960 3065 1046 3124 Plura
1070 3066 1121 3124 da·

73 3137 136 3202 Vid.
157 3145 341 3208 Amleaxll
366 3169 396 3228 p.
418 3149 488 3214 470.
532 3147 576 3208 Ac
620 3151 661 3208 bit
689 3148 787 3225 lleyse
815 3149 944 3218 Quanta
972 3151 1121 3211 Herodott.

73 3223 143 3306 lapis
156 3231 300 3309 hodieque
319 3241 407 3293 exstat
426 3235 455 3292 in
476 3232 576 3294 Museo
617 3253 683 3315 pag.
707 3236 737 3297 7.
758 3235 787 3298 8.

73 3315 146 3391 mgis
161 3317 354 3396 Neapolitani,
373 3338 407 3379 ex
419 3317 577 3378 collectione
662 3317 796 3397 ἱστορίης
810 3308 950 3393 ἆιιδδεξις
964 3309 1036 3396 ἥδε]
1047 3308 1120 3378 δινδ-

74 3395 247 3463 Famesiana
261 3403 361 3477 illabus,
376 3404 423 3480 qui
436 3403 576 3462 Herodoti
621 3401 700 3476 δεξις
718 3409 793 3461 recta
813 3403 938 3461 redditur
953 3419 971 3461 a
991 3402 1122 3478 Wyttan-

74 3491 101 3544 et
115 3487 291 3564 Thucydidis
316 3489 460 3548 simulacra
483 3488 577 3547 iuncta
617 3487 731 3546 bachio:
752 3487 947 3546 demonstratio.
990 3487 1032 3546 Ut
1047 3487 1121 3546 enirn

73 3571 154 3633 simul
181 3573 301 3633 exhibet.
344 3573 408 3632 Vid.
432 3573 519 3650 imag.
543 3588 579 3632 ex
619 3564 778 3634 δεικνύναι
791 3577 836 3631 est
849 3572 970 3646 artificis,
988 3572 1035 3648 qni
1050 3591 1121 3648 opius

74 3653 143 3718 Bihl.
159 3659 198 3718 F.
215 3658 319 3716 Ursini.
334 3659 426 3724 1570.
444 3657 526 3716 Rom.
550 3661 579 3716 et
620 3655 736 3735 exponit
749 3657 939 3735 spectandiun,
959 3662 991 3713 nt
1008 3656 1122 3714 aliorum

73 3739 456 3820 viscontilennogr.grecq.l
469 3741 580 3819 planch.
622 3749 774 3817 cognoscat
808 3741 925 3814 iudicia,
967 3757 1022 3817 quo
1057 3739 1122 3817 ipso

76 3832 114 3894 27
146 3829 191 3907 (p-
215 3825 279 3892 315
307 3848 370 3905 sqq-
394 3828 439 3887 cd
460 3825 581 3903 Milan).
623 3845 710 3885 sensu
743 3825 906 3884 Huodotus
936 3840 1006 3902 opus
1041 3843 1123 3884 snum

76 3910 180 3992 [Unde
198 3912 338 3972 Herodoti
355 3914 448 3988 imago
469 3929 582 3988 quoque
625 3909 762 3988 Olympiis
777 3909 842 3968 olim
857 3916 1027 3969 monstrasse
1047 3907 1121 3984 (διῖ-

77 3999 216 4061 delincata
240 3998 408 4078 conspicitur
434 3997 464 4054 in
490 3997 582 4054 fronte
624 3997 688 4071 ξαι)
704 3995 803 4052 dicitur
823 3995 853 4052 in
872 3994 973 4054 Lexico
992 3992 1122 4052 Biblioth.

77 4081 161 4145 Italae
186 4083 275 4142 nouus·
306 4080 450 4160 scriptoris
476 4080 582 4140 versio-
624 4078 739 4138 Coislin.
768 4099 838 4162 pag.
857 4083 922 4144 619
946 4097 988 4136 nr.
1016 4078 1054 4152 8,
1082 4079 1123 4136 ita

82 4167 145 4248 nis]
187 4168 281 4227 Aliam
302 4168 394 4226 adhuc
412 4166 582 4242 incognitam
623 4156 844 4228 ἐπιδεικνύναι
877 4161 1030 4222 absolutum
1070 4162 1121 4222 de·

82 4254 224 4330 imaginun
247 4273 265 4314 e
289 4271 377 4312 numo
401 4250 583 4310 Halicarnas-
625 4249 710 4308 durat
725 4267 796 4326 opus
816 4253 845 4308 et
864 4245 940 4321 quasi
960 4246 1121 4324 perlectum.

85 4340 156 4394 serni
168 4339 303 4418 temporis
322 4335 457 4396 Antonini
470 4334 515 4394 l’ii
530 4354 584 4414 pn-
627 4334 684 4402 Qui
699 4334 772 4393 suin
792 4348 860 4413 opus
878 4349 958 4388 aucun
975 4331 1004 4388 in
1024 4329 1122 4407 Olym·

81 4421 190 4484 hlicarit
217 4425 293 4484 idern
328 4421 488 4484 Visoontius
522 4418 540 4478 l.
566 4418 584 4479 l.
626 4419 707 4500 pisca
733 4412 1121 4562 praelectionclspoctandim

119 4505 280 4570 llssouor.
301 4505 328 4569 l.
