2990 5228
338 441 582 505 excussusr
609 441 662 502 sn
683 439 887 504 nnnonor.
907 441 938 518 1,
955 440 1007 508 ss.
1180 445 1246 510 sus

6 629 9 638 '
91 618 127 677 in
144 617 215 678 urbe
233 614 279 677 vel
298 619 374 676 certe
391 615 499 676 ineius
520 613 596 694 agris
613 613 760 676 Adrasteus
781 615 835 675 tuit
855 613 1008 694 templum
1035 632 1109 692 quse
1122 613 1245 681 deenisi

92 719 350 781 omnino'Adrosti
370 715 420 777 deu
442 724 503 794 est,
536 736 589 798 pro
611 715 720 778 Nemori
737 717 821 796 vulgo
840 717 965 778 labeum
1009 718 1092 778 eone
1111 719 1243 779 Strnbon.

92 821 168 880 XIII
179 843 212 901 p,
223 825 286 888 880
310 819 480 896 (Antimach.
494 824 621 900 srogmm.
643 821 688 882 ed.
701 820 907 899 Schellenberg.
921 840 987 901 pag.
1001 821 1059 898 71)
1082 826 1112 880 et
1133 821 1244 880 Hoeclr.

89 925 126 983 im
144 924 221 984 Cret„
243 925 257 984 l
278 945 308 1005 p.
324 928 387 990 192
400 943 479 1002 seqq.
521 923 579 984 Alii
597 923 758 984 Adrosteam
785 925 816 982 in
836 923 964 1004 nymphis
984 930 1094 1003 ponunt
1113 925 1244 1004 Iovisque

91 1027 243 1088 Cretensis
257 1028 410 1089 nutricibus
424 1045 479 1086 una
492 1047 554 1087 enm
565 1029 633 1103 Ide,
654 1029 830 1106 eandemque
848 1026 988 1090 Curetum¹
1001 1045 1125 1088 sororem
1144 1027 1245 1106 eppei-

90 1130 166 1189 lnnt.
209 1131 273 1190 Vid.
295 1129 457 1190 Cellimeeh.
474 1131 504 1189 in
524 1131 582 1191 lov.
600 1130 651 1197 47.
680 1129 771 1212 Apoll.
792 1129 885 1190 Rhod.
907 1129 960 1206 111,
980 1125 1044 1196 '133
1069 1131 1136 1209 ibiq.
1158 1129 1243 1190 sduol.

92 1232 251 1309 Iungamns
269 1232 344 1292 hisee
364 1251 413 1306 ee,
441 1251 513 1309 quoe
532 1233 690 1312 Stephanus
711 1234 883 1311 Byzantinus
900 1231 958 1310 ¹(p.
971 1234 1013 1299 36
1029 1235 1073 1293 ed.
1087 1233 1188 1310 Berk.)
1209 1252 1245 1292 er

96 1335 229 1413 Diogene
241 1335 349 1396 retulit:
369 1335 529 1396 Adrasteoos
542 1355 605 1397 esse
623 1355 658 1396 er
676 1335 814 1415 Nymphis
833 1317 1046 1411 Orestiedtbns,
1067 1342 1097 1397 et
1116 1354 1151 1396 ex
1168 1335 1245 1395 Che-

98 1439 171 1497 rneis
182 1437 347 1499 Hellenieis:
371 1438 530 1502 Adrasteom
544 1459 606 1500 esse
620 1438 710 1500 locum
733 1437 838 1499 Troiae
859 1437 1026 1518 appellatum
1046 1440 1082 1498 eh
1095 1437 1243 1511 Adrastea,

98 1539 159 1598 filie
173 1539 297 1614 Melissi,
318 1542 406 1617 quiet
418 1542 487 1601 Idne
500 1549 581 1620 peter
592 1540 675 1601 suerit
686 1541 762 1616 eins,
785 1559 858 1618 quse
869 1540 987 1619 primum
1000 1541 1029 1598 in
1041 1539 1130 1602 Troia
1141 1558 1245 1618 regne·
1315 1547 1320 1558 ‘

101 1643 184 1702 verit.
224 1642 357 1720 lemque
378 1644 613 1704 sensuddrasteo
635 1643 737 1704 hneeoe
762 1643 821 1702 lovi
840 1643 960 1703 eddntnr
978 1642 1087 1722 nutru,
1117 1643 1246 1724 pluribus

104 1744 228 1824 exposuit
242 1743 372 1806 Creuzer.
388 1747 418 1807 in
438 1745 561 1826 Symbol.
577 1745 606 1805 II
628 1766 658 1826 p.
672 1745 734 1812 601
756 1765 836 1824 seqq.
876 1744 923 1805 Ad
941 1747 1145 1822 oosmogoniem
1169 1745 1244 1805 enim

102 1847 241 1927 pertinere
253 1847 326 1908 illem
342 1849 410 1907 sntis
423 1849 562 1927 probant,
584 1867 657 1925 qune
676 1848 752 1927 apud
773 1847 899 1908 Prodnm
916 1848 1046 1926 legsmtnr
1067 1837 1099 1906 in
1118 1845 1243 1924 theolog.

100 1949 210 2009 Platon.
225 1948 280 2024 1v,
295 1954 334 2016 16
348 1953 418 2011 etin
434 1951 580 2012 Timaeum
593 1971 622 2030 p·
636 1951 709 2015 323.
752 1949 836 2020 Quod
855 1969 920 2012 sero
942 1952 979 2010 ed
997 1949 1093 2010 Asiam
1115 1955 1244 2029 spectare

98 2050 209 2110 ridetur
223 2051 356 2112 Adrastea
371 2056 485 2131 eiusque
505 2053 620 2130 reilgio,
645 2052 771 2130 disputet
786 2052 926 2134 Ieblonslr.
948 2054 1007 2129 (de
1020 2045 1135 2112 Nemesi
1150 2051 1245 2128 Aegg.

97 2155 129 2213 in
142 2152 268 2214 Pentheo
284 2152 417 2234 Aegyptt
431 2156 506 2232 107)
529 2154 703 2231 eundemque
728 2153 824 2215 heberi
845 2155 904 2214 volt
928 2175 961 2216 ee
981 2154 1119 2214 Butosts'u
1140 2161 1171 2214 et
1192 2153 1243 2213 'll'-

97 2256 284 2317 tluomtonem.
326 2257 372 2317 Ab
386 2258 496 2318 Astarte
508 2277 533 2316 s.
546 2257 658 2318 Venere
669 2260 776 2316 ermete
788 2262 816 2317 et
829 2257 947 2320 Vietriee
967 2277 1029 2319 eam
1043 2256 1119 2318 hond
1131 2257 1246 2316 differre

26 2395 30 2401 ·
98 2361 244 2419 contendIt
258 2360 386 2420 Boohert.
404 2362 434 2421 in
453 2379 551 2438 geogr.
574 2377 641 2418 seer.
661 2357 693 2433 I,
707 2357 750 2424 42
770 2377 836 2438 peg.
849 2360 929 2437 664,
949 2381 982 2421 ee
997 2360 1154 2439 nuperrIme
1182 2359 1245 2437 qni·

82 2465 84 2468 ’
99 2461 166 2520 dem
178 2461 285 2522 Hoeels.
303 2461 321 2520 l
334 2463 353 2521 l.
368 2483 433 2542 pag.
451 2466 514 2530 193
527 2463 564 2521 ed
575 2461 769 2538 cosmogonioe
781 2462 866 2521 Asiae
878 2463 991 2521 minoris
1004 2463 1117 2522 numine
1129 2460 1245 2522 relatum

76 2630 78 2634 ¹
99 2561 164 2620 vult
174 2561 348 2636 Adrasteom,
367 2564 443 2624 heud
455 2564 567 2624 multum
580 2581 730 2641 seneqnem
742 2564 879 2623 diversam
892 2582 909 2622 e
921 2564 1042 2641 Phryg'm
1057 2572 1146 2626 melre
1161 2565 1246 2625 deum

101 2663 233 2741 edeoque
245 2664 333 2743 ipsum
348 2665 489 2742 Cybelen,
509 2677 581 2744 quse
591 2667 666 2746 apud
679 2667 802 2726 Graecos
815 2665 961 2728 Adrasteus
981 2684 1084 2727 nomen
1105 2667 1246 2746 acceperit

100 2784 120 2824 e
134 2765 195 2824 loeo
209 2765 255 2824 illo
273 2767 434 2846 temploque
452 2767 636 2829 celeberrimo.
681 2768 739 2836 Qui
758 2767 831 2828 enlm
844 2765 1008 2830 Adrosteem
1021 2767 1126 2829 Melissi
1140 2769 1246 2828 Insinnt

38 2952 43 2963 ι
57 2937 59 2942 y
99 2869 202 2945 tilium,
224 2888 273 2930 eos
288 2869 326 2929 ed
340 2869 495 2950 posteriora
511 2877 637 2952 tempore
650 2872 791 2953 pertinere
803 2871 878 2931 idem
890 2871 970 2931 eddit
984 2870 1003 2931 l.
1017 2870 1036 2930 l.
1049 2892 1078 2951 p·
1094 2869 1167 2937 194.

185 3004 245 3063 lem
266 3023 332 3064 vero
351 3005 422 3064 haee
441 3009 533 3066 omnis
556 3027 619 3068 enm
639 3009 669 3067 in
690 3008 775 3068 finem
791 3007 1004 3085 dispntsdmus,
1026 3027 1083 3085 quo
1103 3025 1245 3067 common·

100 3111 219 3166 stremus
239 3106 339 3183 (qudd
359 3107 396 3166 ad
420 3107 559 3167 Herodoti
578 3110 764 3170 narrationem
784 3109 988 3169 diiudieendnm
1006 3109 1130 3169 nonnihil
1151 3112 1245 3170 faeere

98 3209 219 3287 potest),
238 3207 355 3268 Adrasti
376 3228 476 3270 nomen
495 3211 519 3269 si
536 3209 693 3289 Phrygium
714 3213 766 3286 sit,
794 3217 824 3272 et
842 3210 933 3290 ipsum
951 3212 1089 3290 pertinere
1108 3209 1147 3270 sd
1167 3228 1245 3269 seere

100 3328 198 3385 regum
210 3311 338 3387 nomina,
353 3312 537 3373 nnuminibus
551 3314 663 3374 summis
676 3315 810 3394 repetitn3
832 3319 864 3373 nt
876 3311 1010 3373 Adrastus
1024 3313 1103 3391 qnasi
1117 3312 1244 3376 alumnus

101 3409 279 3489 perhibeatem
291 3413 362 3473 dene
374 3411 530 3476 Adresteee
556 3415 598 3490 (le
616 3435 641 3476 e.
655 3416 772 3476 Veneris
785 3415 909 3475 Vietrieis
927 3435 949 3474 s.
965 3414 1107 3475 Minervae
1117 3413 1244 3473 Victriois

102 3518 133 3572 et
145 3512 282 3588 Ultrieis).
322 3513 426 3574 Verum
444 3534 461 3574 a
475 3517 585 3579 Greeen
599 3520 685 3599 stirpe
698 3518 721 3578 si
734 3523 879 3598 repetetur
890 3537 992 3578 nomen
1014 3516 1085 3594 (quo
1100 3515 1177 3574 ducit
1188 3515 1245 3573 Irn-

101 3614 152 3673 tris
171 3613 347 3676 assumto
368 3619 507 3679 interfecti
526 3639 629 3681 nomen
651 3621 834 3699 Agottosu's),
855 3619 922 3678 illud
948 3620 1042 3701 potins
1057 3603 1245 3698 'spectandum

101 3715 228 3792 videtur,
257 3724 289 3777 nt
307 3715 442 3780 Adrastus
461 3723 547 3781 modo
567 3723 640 3781 ultor
658 3727 697 3784 sit
720 3722 976 3804 (quemadmodum
990 3720 1072 3780 Talei
1095 3719 1141 3780 ille
1163 3718 1245 3792 tilius,

100 3825 183 3879 notus
206 3811 236 3878 in
256 3819 445 3900 Epigonomm
466 3824 599 3884 adversus
621 3824 735 3886 Thebes
756 3823 956 3908 expeditione,
989 3825 1075 3884 freter
1095 3819 1243 3902 Eriphylen

101 3939 176 4000 quse
195 3920 280 3980 letale
300 3922 376 3983 istud
399 3925 501 3986 monile
522 3932 584 3986 eret
603 3931 700 4001 nacte,
729 3929 776 4005 qui
797 3927 872 3988 idem
892 3925 1020 4002 Tydeum
1036 3927 1187 4004 perfugam
1206 3923 1244 3982 ob

101 4020 195 4082 fratris
217 4023 330 4082 oeedem
351 4026 484 4105 expiet),
511 4029 597 4088 modo
611 4031 741 4108 punitus,
762 4049 838 4103 som,
860 4027 977 4108 infelix,
994 4026 1109 4107 fugax,
1138 4025 1244 4101 sueque

101 4126 190 4204 ipsius
212 4142 294 4183 menn
320 4117 505 4204 ooeumbens,
532 4135 565 4188 ut
585 4129 631 4189 ille
651 4129 779 4190 Herculis
801 4129 880 4189 filius.
922 4127 984 4190 Nec
1000 4129 1145 4202 abhorret,
1166 4126 1245 4206 quod

102 4229 174 4287 dese
187 4224 309 4308 ‚Nemesi
331 4226 469 4290 Adrastus
491 4231 603 4310 quidum
622 4232 755 4312 templum
778 4232 923 4292 dediensse
943 4231 1078 4304 tredittn3
1100 4229 1153 4289 hoo
1171 4228 1245 4289 enim

101 4331 139 4389 ed
168 4326 285 4388 Troions
313 4327 504 4411 Phrygiasque
531 4333 678 4411 religiones
704 4335 801 4413 utique
828 4333 960 4414 pertinet.
1010 4332 1086 4402 Quin
1113 4332 1246 4392 Herodo-

102 4442 164 4492 tens
185 4430 346 4510 Adrastus,
384 4434 485 4496 Gordii
509 4435 624 4514 Phrygii
653 4435 749 4513 tilius,
790 4433 945 4498 Nemeseos
966 4435 1047 4513 quusi
1066 4434 1192 4495 minister
1212 4451 1246 4492 eo
