3012 5182
471 413 867 478 Eurunruu.
1071 420 1136 484 727

180 599 269 652 ouva
290 579 326 648 di
346 579 471 649 ἐλίπετο
493 579 559 664 πρὸ
580 585 643 649 τοῦ
666 580 897 668 Ἡφαιστείου,
936 579 1136 669 ἀνδριάντας
1176 599 1386 654 condumum·

1176 649 1206 695 td
1220 649 1315 695 Vulcani
1338 661 1385 695 ιιι-

13 665 35 798 ,ίι
177 703 345 780 λιθίνους·
387 697 452 768 δύο
473 699 549 787 μὲν,
584 699 761 790 τριήκοντα
779 701 925 790 πηχέων,
954 700 1134 772 inussisse
1176 701 1385 796 ζξίζρηξῇᾞηξζ

177 822 236 890 τοί
256 819 319 909 τὴν
338 825 495 907 γυναῖκα·
536 819 615 900 τούς
636 819 671 888 di
694 823 815 901 παῖδας
835 819 950 902 ἐόντας
970 823 1133 907 τέσσερας,
1174 803 1385 910 iiiisslffl'ffl

21 989 31 1014 ι
160 945 286 1011 estnon
300 937 430 1029 πηχέων
455 933 602 1009 ἕκαστον.
632 944 699 1009 τῶν
720 939 761 1028 δὴ
782 941 801 1010 ὁ
823 941 913 1025 ῑρεύς
933 947 994 1010 τοῦ
1012 938 1133 1028 ‘Hm-
1175 902 1263 999 gypt·
1282 904 1333 962 qu·
1345 915 1383 948 v..

185 1079 261 1129 στου
280 1057 392 1153 χρόνῳ
411 1061 582 1144 μοτίιτειτοι
607 1065 719 1150 πολλῷ
741 1066 891 1142 Δαρεῖον
921 1059 981 1128 τὸν
1002 1061 1135 1147 Πέρσην

13 1345 15 1360 '
136 1379 193 1437 que
202 1357 342 1418 Diodorus
355 1356 386 1430 l,
402 1353 443 1422 65
458 1356 574 1435 primam
589 1373 634 1415 re-
684 1355 802 1414 iortas'se
818 1354 1178 1434 pertinentlspidcsingcn-

132 1446 179 1522 gis
198 1443 402 1523 expeditionem
419 1441 505 1500 fuisse
528 1442 558 1498 in
577 1437 635 1499 Ac·
683 1444 727 1499 tes
748 1441 786 1498 nd
800 1438 916 1498 Vulcani
938 1439 1072 1517 templum
1092 1459 1108 1498 ο
1132 1459 1180 1498 το-

13 1591 14 1600 ,
132 1529 261 1606 thiopes‚
282 1525 633 1603 quosdehellstosedvc-
683 1525 766 1604 ptisis
792 1525 874 1583 tracti
897 1523 1084 1600 (11,1os),
1116 1543 1178 1583 curn

13 1603 15 1622 ’
133 1612 222 1689 ctignl
234 1611 412 1688 pendendmn
426 1612 541 1688 cogerit.
576 1609 634 1670 Ubi
685 1608 871 1690 μονολίθους
899 1609 985 1668 fuisse
1010 1614 1116 1667 statues
1145 1627 1180 1668 ex

14 1743 15 1748 τ
136 1700 194 1756 inm
215 1695 417 1772 Wesselingius
445 1697 572 1756 eiusdem
589 1714 634 1755 οτ-
683 1694 802 1754 Diodori
821 1695 979 1752 testimonio
1008 1699 1113 1772 pateat.
1134 1725 1178 1738 -

13 1802 19 1860 ς
136 1780 266 1858 gumenti
283 1779 357 1839 locos
382 1781 527 1842 Strabonis
547 1787 633 1858 atque
684 1780 793 1854 „Duos
815 1779 967 1840 consimiles
994 1777 1118 1838 colossos
1144 1797 1178 1838 er

13 1869 14 1918 Ῑ
135 1866 220 1926 Plinii
242 1864 381 1923 iudicarit
421 1865 513 1944 Atque
534 1867 634 1926 etism-
684 1873 765 1946 parte
782 1871 939 1938 truncatos,
961 1883 995 1923 ex
1015 1863 1178 1942 lupideAe-

15 2008 23 2029 ,
134 1971 203 2011 num
227 1950 258 2008 in
280 1948 443 2028 anaglyphis
468 1950 633 2030 templorum
684 1950 783 2028 gyptio
803 1949 887 2008 rubro
903 1949 1032 2023 (Gronil)
1047 1953 1111 2006 ante
1127 1967 1179 2027 pa-

13 2030 21 2109 ’,
133 2035 373 2115 amplissimorum
397 2033 502 2096 Nuhiuc
526 2041 555 2094 et
581 2053 634 2093 no-
683 2035 779 2094 latium
802 2054 891 2112 prope
917 2033 1034 2092 Kamul:
1061 2033 1178 2110 positos,

13 2118 23 2197 j
135 2116 632 2198 menregisinvenirivoluntetipsss
683 2117 856 2196 longitudine
887 2119 985 2195 viginti
1006 2136 1054 2177 ser
1074 2120 1177 2196 pedum

14 2200 20 2214 ’
137 2209 198 2268 eius
214 2224 261 2264 res
272 2207 498 2283 repraesentatos
505 2203 633 2284 conspici,
685 2205 863 2264 offenderunt
878 2202 1108 2276 Franco-Galli,
1130 2203 1178 2279 qui

138 2309 250 2372 pugnos
286 2289 340 2348 so'l.
367 2307 431 2348 cum
453 2286 632 2366 Aethiopibus
683 2291 768 2350 iidem
781 2307 816 2348 cx
824 2288 986 2348 nostrolooo
995 2289 1178 2347 coniecturam
1296 2335 1303 2342 .

13 2431 16 2454 ,
141 2376 299 2435 commissos
313 2380 343 2436 et
356 2373 485 2432 victorias
506 2373 633 2434 dehisce
684 2376 839 2447 duxerunt,
866 2375 906 2432 ibi
934 2392 1046 2451 quoque
1063 2373 1178 2432 heroum
1290 2396 1291 2405 ι

13 2457 15 2466 ’
141 2466 317 2539 reportans,
342 2457 497 2536 triumphos
517 2459 633 2533 victoris,
683 2467 731 2519 aut
747 2477 843 2535 regum
870 2459 899 2517 in
926 2460 1041 2517 deorum
1060 2459 1178 2516 formam

140 2546 181 2605 cui
200 2545 303 2604 tributo
315 2563 333 2603 ο
347 2544 425 2602 viciis
439 2543 632 2622 praebeantur.
682 2545 835 2606 eliiotorum
850 2544 984 2618 imagines
999 2543 1114 2620 cogitari
1127 2543 1179 2601 de-

137 2630 252 2705 Singula
270 2628 387 2709 protulit
403 2627 526 2688 Heeren.
548 2629 633 2688 ldcen
683 2631 758 2689 bere.
803 2629 865 2687 Vid.
890 2629 1020 2706 descript.
1048 2629 1086 2686 do
1105 2625 1176 2704 l’Eg.

136 2714 214 2789 ll,2
235 2732 301 2793 pag.
317 2716 391 2778 318.
411 2714 492 2787 ³20,
515 2714 562 2791 qui
579 2713 633 2772 hoc
681 2715 734 2774 vol.
749 2713 775 2772 ll
797 2731 863 2792 pag.
877 2716 941 2779 217
956 2714 1036 2789 seq.“
1059 2712 1112 2771 Cr.

137 2801 216 2861 etism
230 2801 324 2875 addit,
345 2818 405 2857 non
418 2805 526 2877 partem
543 2816 634 2876 qusn—
725 2802 787 2861 sois
804 2795 842 2878 δή
859 2796 877 2860 d
899 2793 981 2878 ίρείς
1000 2801 1056 2858 τοῦ
1069 2795 1177 2874 Ἡφαί-

135 2887 201 2943 dom
228 2884 409 2962 Aethiopiae,
446 2885 497 2942 sed
523 2902 634 2942 ornnem
685 2901 757 2946 στου
789 2905 817 2944 κ.
852 2905 877 2944 τ.
905 2881 943 2962 λ]
985 2883 1090 2960 Scripsi
1117 2903 1178 2941 curn

135 2975 240 3029 terram
249 2969 333 3026 armis
346 2969 634 3046 expugnatumiuisse.
684 2968 838 3045 Schweigh.
868 2973 896 3026 et
922 2968 1010 3026 Goisf.
1045 2971 1105 3028 τῶν
1129 2963 1178 3044 δή,

136 3054 201 3114 Nec
219 3053 304 3111 mirac
320 3053 407 3112 rideri
421 3053 525 3110 debent
538 3051 634 3128 Aegy·
683 3056 732 3114 ubi
754 3057 815 3116 τῶν
837 3050 934 3111 lonurn
955 3069 1032 3109 more
1059 3052 1179 3130 positum

137 3139 261 3217 pliorum
285 3155 382 3212 regum
408 3136 578 3195 incursiones
605 3138 635 3195 in
688 3146 732 3200 est
751 3159 804 3219 pro
827 3126 878 3198 niv.
920 3135 964 3192 Ex
989 3133 1048 3192 aliis
1067 3136 1180 3211 quihus·

139 3221 334 3298 Aethiopiam,
349 3240 409 3279 cuns
421 3219 467 3282 vel
478 3227 575 3280 nostru
589 3239 637 3281 ne·
688 3225 753 3284 dam
773 3223 849 3283 libris
871 3218 1070 3295 Wcsselingius
1084 3218 1181 3279 edide-

139 3313 201 3366 tate
223 3307 296 3365 idern
309 3306 412 3363 sactum
426 3307 461 3366 sit
474 3308 510 3366 oh
527 3306 637 3366 hodier-
686 3317 732 3369 rut
752 3309 862 3370 τοῖνδε
883 3302 923 3383 dli
937 3302 955 3367 o‘
971 3298 1054 3384 λρετίς
1068 3325 1096 3364 τι.
1113 3326 1137 3364 τ.
1151 3307 1177 3363 λ.

136 3411 177 3451 no
199 3390 324 3468 Aegypti
344 3409 431 3466 rege,
458 3392 526 3468 qui,
549 3392 636 3470 ipsius
687 3394 796 3454 Pendet
815 3411 881 3452 vero
911 3389 1047 3468 genitivus
1074 3389 1109 3447 ob
1129 3385 1177 3466 ίμ-
1228 3446 1233 3458 ,

137 3475 263 3555 Aegypti
277 3476 395 3554 imperio
415 3476 480 3534 sutis
491 3477 636 3536 confirma·
686 3485 840 3561 προοθεν,
862 3487 890 3536 et
908 3481 1016 3556 spectat
1035 3475 1072 3534 ad
1090 3473 1179 3533 colos-

135 3567 184 3636 to‚
207 3561 300 3619 statim
321 3560 409 3619 filium
423 3581 502 3620 suum
517 3581 638 3622 cumco·
689 3585 753 3639 sos,
771 3583 787 3622 ο
802 3561 921 3622 Sesostri
933 3557 1181 3620 erectos-Pau-

137 3648 191 3725 piis
223 3643 400 3724 Aethiopiam
425 3665 520 3705 versus
551 3648 636 3722 misit,
687 3650 715 3708 lo
728 3655 793 3709 ante
809 3667 871 3707 cum
890 3647 987 3706 iisdem
1004 3646 1068 3704 viris
1084 3646 1182 3704 rescri-
1224 3711 1227 3720 .

142 3750 197 3807 quo
213 3737 392 3790 contectam
407 3732 503 3790 ditioni
513 3733 638 3791 suoead-
688 3736 731 3814 psi
744 3731 864 3813 πηχέων
877 3751 929 3812 pro
935 3725 1067 3808 πήχεσιν,
1083 3732 1182 3790 eodem

141 3816 241 3876 iicerct
285 3816 369 3876 Cous.
388 3817 509 3877 lieeren.
531 3817 582 3875 il
602 3817 638 3891 ll,
688 3822 792 3894 modo,
813 3817 991 3894 quol,183
1014 3813 1099 3888 etii,
1118 3819 1180 3880 111

140 3905 209 3981 lp·
224 3901 287 3964 430
301 3921 361 3978 seq.
617 3932 620 3938 ·
688 3905 736 3962 fin.
760 3899 843 3983 λρεοίς
858 3902 911 3960 hoc
926 3901 989 3960 loco
1008 3901 1110 3972 eritis,
1132 3898 1180 3976 qui

181 3978 363 4064 μνημόσυνα
386 3981 417 4047 dl
440 3985 556 4048 ἒλίττετο
576 3981 635 4066 septi
689 3987 806 4064 collegio
827 3987 1001 4046 sacerdotum
1021 3986 1074 4044 suit
1099 4002 1180 4061 proe-

137 4075 194 4132 τοῦ
210 4092 237 4130 τι.
249 4093 273 4130 τ.
289 4070 330 4150 λ]
366 4070 430 4130 Ηοο
455 4074 559 4132 sactum
584 4079 637 4146 est,
686 4075 810 4152 positus,
831 4065 1000 4150 ἇρχιερειίς,
1013 4077 1044 4128 ut
1055 4087 1118 4126 eum
1131 4088 1182 4126 vo-

137 4163 168 4215 nt
185 4157 317 4233 equidem
330 4157 470 4235 suspicor,
489 4159 518 4216 in
532 4175 638 4215 menso-
687 4157 759 4218 cnvit
774 4157 916 4217 Diodorus
935 4155 966 4227 l,
987 4153 1043 4227 68,
1073 4151 1121 4210 ubi
1143 4154 1180 4212 dc

136 4243 207 4301 τὶοω
228 4241 368 4320 periculi,
397 4242 474 4319 quod
493 4261 542 4301 rex
568 4241 638 4301 effu-
663 4251 668 4262 '
688 4243 742 4302 hoc
754 4260 806 4301 usu
821 4247 887 4320 apte
900 4240 1006 4301 monuit
1013 4235 1181 4313 Wesseling.

137 4333 239 4404 gerat,
260 4325 306 4399 ll,
320 4331 391 4392 107.
423 4326 487 4388 Nec
502 4327 639 4387 nlitcrre-
689 4325 809 4387 Gruvius
831 4322 901 4384 illud
919 4324 1082 4400 quibusdum
1102 4323 1181 4381 vide·

140 4413 195 4472 iert
207 4409 326 4473 Diodor.
343 4411 373 4486 1,
390 4412 441 4479 57.
477 4413 543 4472 Huc
558 4413 638 4473 etiam
690 4414 782 4487 bitur,
808 4410 886 4488 quod
905 4408 983 4468 Darii
1003 4409 1034 4468 in
1050 4407 1181 4487 Aegypto
