2990 5228
328 473 538 537 EXCURSUS
560 471 587 536 11
607 471 659 536 An
681 470 886 536 HERODOT.
911 471 939 549 1,
960 471 1011 539 94.
1150 491 1153 498 '
1178 473 1243 540 &td

451 1171 820 1249 EXCURSUS
860 1173 899 1248 11

272 1344 366 1422 ao
436 1342 1066 1422 unnooor.1,or.

186 1666 322 1728 Herodoti
348 1667 438 1730 locum
462 1672 499 1731 de
520 1669 610 1749 Lydia
630 1672 660 1731 in
683 1667 822 1730 Etruriam
840 1667 969 1748 prosectir
988 1664 1098 1739 retulit,
1127 1662 1240 1724 laudam

100 1774 228 1846 auctore,
251 1768 399 1846 Dionysias
421 1766 691 1850 Halioarnarsenaia,
712 1775 818 1852 antiqq.
839 1771 950 1832 Romm.
971 1769 1001 1844 1,
1015 1774 1074 1845 27,
1102 1767 1171 1826 illud
1189 1765 1240 1824 td·

99 1875 169 1936 dena
190 1874 266 1952 (rap-
280 1876 321 1939 28
335 1873 410 1951 init)
431 1873 532 1934 multos
554 1894 667 1953 quoqne
687 1875 757 1935 alios
775 1877 925 1955 scriptores
944 1874 1014 1933 hauc
1033 1873 1070 1930 de
1081 1868 1242 1948 Tyrrheno-

96 1997 158 2038 rum
174 1976 283 2053 origine
307 1977 471 2036 sententiam
489 1997 552 2038 erae
580 1983 688 2038 renitor
713 1997 819 2054 eosque
838 1977 1026 2055 discrepanter
1046 1974 1075 2030 tn
1093 1969 1241 2030 indioando

95 2079 221 2156 coloniae
236 2079 306 2138 duce
320 2096 353 2137 ac
365 2084 499 2157 tempore.
541 2077 616 2140 Nam
636 2081 705 2140 alios
721 2081 814 2140 reribit
827 2076 1002 2155 Tyrrhenum
1016 2072 1141 2135 Herculia
1155 2071 1242 2132 filium

96 2183 219 2258 dixisse,
241 2199 275 2240 ex
291 2179 430 2260 Omphale
444 2180 537 2258 Lydia
549 2191 716 2263 prognatum
727 2183 772 2259 *),
794 2181 841 2258 qui
863 2181 892 2238 in
911 2177 1018 2237 ltaliam
1030 2175 1169 2255 profectur
1186 2170 1242 2234 Pe·

95 2288 191 2363 inrgoa
204 2284 237 2342 iia
254 2303 288 2343 ex
299 2282 429 2355 urbibus,
451 2300 520 2360 quas
545 2303 628 2365 snpra
646 2285 772 2347 Tiberim
788 2282 1006 2364 septentrionem
1030 2297 1125 2338 reraur
1143 2283 1243 2336 tenue-

96 2390 172 2463 rint,
194 2385 321 2455 eieceriu
343 2383 410 2442 olion
423 2383 541 2464 Telephi
555 2386 643 2450 filium
656 2406 771 2446 rorasse
784 2383 976 2462 Tyrrhenum,
993 2380 1041 2460 qni
1053 2384 1118 2458 port
1125 2377 1244 2438 Troiam

98 2495 209 2566 captam
235 2485 265 2542 in
284 2483 391 2544 ltaliam
410 2486 564 2550 advenerit.
608 2488 715 2559 Quibus
736 2489 812 2549 idem
836 2485 987 2562 Dionysius
1003 2483 1112 2561 gravina
1128 2479 1246 2560 opponit

98 2587 206 2648 Xanthi
225 2585 425 2663 testimonium,
453 2589 502 2666 qui
524 2591 658 2670 rer-iptor,
690 2590 787 2667 Lydna
807 2607 911 2666 genere
933 2589 1056 2664 indeque
1076 2584 1196 2644 maxima
1212 2587 1244 2644 ut

99 2691 208 2748 videtur
222 2686 279 2745 tide
293 2687 393 2763 dignm
401 2731 411 2764 ‚
432 2688 500 2748 nihil
517 2710 629 2769 prorrna
643 2693 793 2769 quidquam
806 2693 843 2751 de
858 2690 910 2750 hac
925 2688 1070 2767 Lydorum
1089 2686 1198 2764 oolouia
1213 2685 1244 2744 in
1340 2749 1343 2760 ³

97 2792 238 2852 Etruriam
266 2790 386 2850 deducta
408 2791 549 2866 retulerit,
576 2795 626 2856 red
648 2793 728 2871 Atyia
751 2792 841 2866 iiiior,
866 2790 978 2869 Lydum
1008 2797 1037 2850 et
1058 2788 1244 2860 Torrhebum,

96 2897 186 2976 patrio
207 2912 295 2970 regno
311 2892 400 2952 diairo
426 2900 576 2972 utrumque
604 2893 720 2954 inrisio
744 2895 910 2956 remansisse
934 2893 1110 2956 enarraverit
1156 2888 1245 2952 Addit
1312 2921 1316 2930 =

98 3015 175 3056 ruam
189 2995 275 3073 ipsius
290 2998 454 3056 sententiam
467 2996 619 3074 Dionysius
636 2996 711 3076 (cap.
727 2999 769 3062 29
786 2998 878 3076 reu),
900 3013 956 3074 qua
972 2994 1153 3073 Tyrrhenos,
1173 3012 1244 3072 quoa

97 3097 257 3174 aPelargir
273 3095 396 3156 diversor
420 3117 484 3158 erse
504 3099 581 3174 ruit,
602 3098 746 3176 Lydorum
766 3098 879 3158 colonos
900 3101 986 3158 suisne
1006 3101 1150 3178 pernegat.
1197 3085 1244 3156 od

99 3197 154 3280 μὲν
168 3194 207 3278 δὴ
214 3241 223 3274 ,
243 3199 273 3257 in
287 3196 408 3259 clausula
428 3202 522 3261 scribit
539 3220 600 3280 rap.
614 3203 657 3266 30
671 3201 740 3276 init,
762 3194 835 3264 οὐδὲ
848 3201 964 3262 Λυδῶν
975 3193 1048 3271 roric
1067 3189 1246 3277 Ὶὶιῤῥηνοῦς

99 3295 245 3373 ἀποίκους
268 3293 353 3378 οἶμαι
371 3299 524 3383 γενέσθαι.
570 3302 651 3373 Quae
671 3303 745 3363 enim
764 3303 873 3382 ringula
892 3303 963 3362 hano
976 3303 1005 3362 in
1019 3319 1079 3360 rem
1095 3299 1186 3358 attulit
1197 3317 1246 3357 ar·

99 3410 232 3482 gumenta
247 3402 284 3462 de
296 3402 404 3462 diversa
424 3404 537 3482 lingua,
559 3406 675 3466 diversis
694 3405 843 3480 institutis,
864 3405 1003 3478 mon'bur,
1025 3403 1141 3462 deorum
1159 3399 1245 3476 cultu,

99 3507 177 3579 aliia,
198 3508 307 3577 sumta,
326 3503 452 3582 longiora
464 3515 546 3584 runt,
567 3527 650 3588 quarn
671 3526 744 3585 qnae
764 3507 817 3567 hnc
831 3511 1016 3587 apponantur.
1057 3503 1117 3564 Sed
1131 3504 1169 3561 ad
1182 3503 1245 3564 He·

98 3607 191 3668 rodoti
214 3605 421 3681 auctoritatem,
449 3607 546 3686 Lydos
566 3612 638 3671 dure
658 3608 805 3686 Tyrrheno
829 3609 859 3668 in
884 3609 1025 3668 Etruriam
1046 3605 1156 3666 veniaae
1177 3606 1244 3664 scri-

100 3710 189 3771 bento
207 3708 314 3768 aceedit
329 3710 479 3792 Timaena,
500 3713 577 3773 cuiue
598 3714 785 3789 fragmentum
803 3710 922 3772 servavit
937 3702 1099 3771 Tertulliani
1119 3708 1157 3767 de
1177 3727 1243 3788 ape·

99 3817 182 3873 ctaoc'.
205 3830 266 3891 cap·
282 3811 377 3890 5**);
411 3813 519 3875 arrodit
541 3813 686 3874 Strabonir
707 3813 913 3889 testimoninm,
943 3812 992 3892 qni
1016 3811 1086 3872 haec
1105 3815 1139 3870 nt
1160 3807 1244 3886 vrrlflo

133 4121 163 4196 ⁴)
185 4122 271 4189 „idne
290 4136 393 4190 quoque
412 4121 530 4176 ratmunt
549 4123 648 4178 olavum
668 4122 695 4178 tu
713 4121 797 4177 numtr
810 4121 970 4192 Populoniae
986 4120 1169 4189 antiqulrrtmtr
1180 4133 1243 4174 oon·

183 4208 315 4275 apionem,
337 4223 389 4274 qua
407 4207 546 4265 Hotoman
560 4209 671 4264 indicari
688 4209 785 4264 volunt.
828 4207 904 4264 cont.
921 4208 1005 4262 Lannt
1019 4207 1120 4275 Saggto
1133 4207 1160 4260 dt
1180 4207 1241 4272 ling.

184 4293 287 4346 Etrnru
306 4293 364 4344 o11
386 4292 504 4362 p.101.“
527 4295 577 4349 Cr.

123 4381 159 4449 ”)
184 4378 262 4442 „vid
273 4376 375 4432 Theod.
386 4376 471 4443 nyok.
484 4378 510 4432 in
530 4379 632 4434 dtamrt.
645 4379 680 4434 da
699 4378 787 4448 prtmtr
804 4377 896 4432 italiae
914 4377 1013 4432 notoria
1030 4375 1064 4430 ad
1087 4375 1153 4430 ena
1174 4379 1241 4428 nott.

184 4463 313 4518 Eolrton‘d
327 4461 361 4517 ad
374 4461 501 4531 Stephon.
518 4465 582 4532 Byr.
604 4482 630 4534 p.
643 4463 721 4519 tw
741 4465 793 4520 er.

338 4713 355 4750 Ι
