2990 5228
250 463 317 528 eon
411 431 417 440 '
606 453 1038 520 arconneso

251 635 365 713 reeepta
383 625 442 707 (ὅς
458 632 549 710 φασι)
573 629 666 711 prodit
678 627 753 703 m
772 647 840 707 pog-
855 629 917 693 219
937 645 960 685 ι.
975 623 1100 698 ³35,c
1120 631 1149 684 ot
1167 643 1198 703 p·
1209 628 1271 690 221
1295 645 1322 684 a.
1339 627 1412 692 339

253 737 314 798 ooll.
328 735 468 794 roholinat.
481 733 554 793 l'lat.
565 751 632 813 pog-
646 735 709 797 207
724 729 770 790 ed.
786 729 899 789 Ruhnk.
941 727 1002 788 Nee
1016 726 1098 786 aliter
1110 728 1169 787 sere
1182 725 1357 789 Plutarchus
1380 731 1413 788 in

250 843 361 918 quaest.
386 836 498 896 Rouu.
520 855 549 915 p·
563 831 682 908 arm)
703 833 733 890 in
753 831 864 891 Romuli
883 831 934 889 vit.
954 847 1014 909 cap.
1029 833 1051 895 2
1067 830 1104 888 iu
1122 829 1166 893 25
1181 827 1245 902 tin.;
1273 837 1370 908 atque
1392 853 1411 891 e

252 919 442 1001 Romanorum
472 937 649 1017 scipionibus
677 933 777 995 Vellei.
801 932 937 993 Patereol.
961 931 992 1006 l,
1017 934 1036 995 1
1064 929 1144 1012 Μ.
1171 929 1309 990 Horatiur
1337 934 1408 993 Sat.

252 1043 286 1120 1,
307 1047 343 1119 6,
367 1047 396 1107 1.
417 1039 514 1118 Virgil
532 1035 603 1097 Aen.
624 1036 749 1111 11,781
771 1036 887 1113 diisqoe
906 1033 992 1108 loeis,
1012 1053 1082 1111 quor
1102 1033 1229 1112 Heyniua
1246 1037 1355 1098 indicat
1374 1039 1406 1097 in

254 1165 361 1207 enonra
375 1144 417 1206 lll
436 1145 473 1203 ad
494 1141 555 1200 libr.
569 1138 637 1199 Vlll
657 1157 722 1220 pag·
738 1141 815 1211 28&
840 1137 926 1198 Silius
946 1136 1055 1197 Italion
1071 1137 1120 1212 IV,
1133 1143 1197 1205 719
1218 1139 1283 1214 (ubi
1294 1143 1403 1202 euml.

253 1248 405 1328 mapa).
425 1244 507 1319 VIII,
519 1241 592 1308 484.
635 1242 748 1322 Quippe
765 1244 869 1322 poene
882 1240 975 1300 Latini
995 1240 1071 1300 hond
1088 1259 1153 1299 raro
1163 1239 1270 1320 iqua,
1280 1263 1326 1302 rer
1345 1263 1402 1323 ap-

254 1350 358 1430 pellant
376 1346 564 1428 Tyrrleoiodo.
594 1341 692 1414 Quidi
712 1343 790 1422 qood
804 1343 934 1402 Sardium
950 1341 1035 1418 legati
1047 1361 1143 1402 eoram
1159 1351 1246 1404 senato
1257 1344 1395 1404 Bouiano

254 1453 394 1511 decretum
413 1449 545 1510 Etrurine
561 1448 732 1519 recitavere,
758 1465 815 1524 quo
837 1465 869 1506 re
891 1445 1070 1504 Etruseorum
1094 1449 1302 1524 consanguineos
1318 1469 1387 1510 ense

253 1555 453 1627 ostenderent,
475 1553 573 1612 endem
587 1551 646 1611 lere
660 1551 689 1608 in
704 1549 825 1609 medinm
838 1549 1025 1628 proferentes,
1046 1567 1120 1626 qnae
1131 1552 1210 1632 apud
1222 1551 1390 1612 nauum

253 1653 401 1734 leguntur,
422 1655 478 1714 rid.
492 1653 582 1715 Tacit.
597 1651 699 1712 annall
710 1650 760 1725 IV,
774 1649 865 1727 ὅδ’).
1478 1699 1479 1720 i

340 1757 395 1817 His
410 1758 469 1818 lere
481 1757 645 1818 enumeratis
658 1761 781 1816 veterum
793 1752 974 1826 testimoniis,
996 1753 1054 1812 iam
1069 1745 1235 1818 ooo‘edarnnr
1251 1758 1291 1816 ad
1302 1777 1404 1818 reom-

256 1859 335 1923 tiorio
351 1860 448 1920 aetatis
466 1861 624 1939 oeriptoreo.
665 1854 757 1934 Atque
777 1854 917 1931 Ryukina,
943 1861 975 1914 nt
992 1856 1056 1914 hine
1071 1859 1182 1935 ordiar,
1203 1861 1318 1920 disertis
1337 1859 1403 1920 He·

255 1961 348 2023 rodoti
362 1961 451 2022 verbio
473 1961 535 2042 pluo
552 1961 728 2021 tribuendum
747 1977 810 2019 eone
831 1959 954 2033 cenauit,
981 1977 1062 2035 quern
1077 1959 1183 2022 Xanthi
1201 1962 1327 2039 silentio,
1348 1963 1401 2041 qni

256 2065 349 2142 aliqua
364 2069 440 2124 certo
462 2083 497 2123 ex
518 2083 620 2137 mura,
651 2082 705 2122 nos
725 2062 848 2139 quamvis
863 2060 990 2132 latente,
1012 2070 1163 2123 oommotnr
1186 2067 1403 2146 esepouerit,

256 2174 290 2228 nt
301 2167 368 2226 nihil
384 2167 427 2226 his
442 2167 478 2226 de
494 2167 577 2227 rebus
597 2166 747 2226 memoriae
767 2164 907 2244 proderet.
949 2163 1026 2222 Galli
1045 2165 1120 2226 dooti
1139 2168 1266 2228 Sedulus
1288 2175 1318 2229 et
1329 2171 1403 2229 Fre·

255 2270 341 2330 retina
366 2268 417 2344 (ln
428 2269 506 2327 aoad
518 2268 550 2327 'd
562 2269 685 2346 inscript.
701 2273 721 2326 t
736 2265 762 2324 V
776 2285 804 2344 p.
820 2267 883 2330 286
895 2285 974 2345 seqq.
995 2267 1088 2330 XVIII
1107 2291 1136 2350 p.
1150 2273 1191 2336 9⁵
1207 2275 1303 2349 seqq.)
1320 2272 1403 2331 Xan·

256 2371 304 2430 tlno
317 2376 403 2448 atque
416 2369 552 2444 Dionysio
565 2369 657 2448 potino
673 2368 757 2428 tidem
773 2367 840 2426 addi
854 2368 1000 2429 voluerunt
1017 2370 1136 2449 itemque
1147 2365 1290 2450 Heynini,
1314 2377 1365 2453 qui
1380 2394 1399 2434 a

255 2473 385 2547 Xantho,
404 2470 498 2548 Lydio
516 2469 644 2544 homine,
668 2471 757 2547 magia
775 2489 894 2548 quamn
915 2472 1032 2532 Graecis
1050 2473 1237 2554 &musque
1256 2480 1397 2552 standurn,

256 2576 402 2656 ipsamque
413 2573 534 2633 fabulam
547 2574 583 2632 ab
601 2573 750 2632 Herodoto
762 2573 901 2654 proditam
916 2575 983 2635 inde
996 2583 1083 2635 ortanr
1097 2597 1161 2638 esse
1174 2579 1293 2654 iudieut,
1317 2583 1395 2657 quod

257 2679 359 2739 Graeci
377 2677 520 2754 antiquum
540 2677 717 2735 Etruseorum
736 2693 839 2736 nomen
860 2673 1051 2736 Turonum
1073 2681 1247 2758 depravarint
1265 2683 1290 2740 io
1311 2681 1402 2759 lind·

258 2779 371 2858 ρηνοῖν.
415 2777 462 2836 Tu
481 2778 537 2836 rid.
556 2796 662 2836 exeun.
675 2777 715 2836 lll
734 2777 772 2834 od
788 2775 867 2853 Vug.
886 2777 958 2838 Aen
973 2779 1034 2840 VIII
1048 2801 1074 2859 p
1087 2783 1148 2845 261
1161 2783 1225 2860 ibiq.
1239 2781 1391 2860 now)

257 2881 323 2954 Hir,
344 2879 534 2958 qunepoasim
552 2877 607 2936 iarn
625 2877 716 2937 attolit
729 2877 861 2964 Crenaee.
876 2879 906 2939 in
925 2882 1295 2964 flagrum.hirtorr.p.152
1313 2905 1395 2966 seqq.

256 2983 345 3057 adde,
366 2999 439 3059 qnae
450 2981 645 3041 reeeno'arimie
659 2981 828 3062 ternporiboa
844 2983 875 3041 in
892 2984 1011 3044 eundem
1031 2985 1195 3046 rententiann
1210 2987 1322 3068 prolata
1335 2999 1397 3048 runt

257 3085 364 3146 aGuil.
376 3082 410 3144 A„
421 3082 558 3162 Sehlegel
583 3083 700 3158 (aunall.
712 3083 861 3145 Heidelbb.
880 3090 964 3154 1816
980 3109 1023 3148 nr.
1041 3089 1084 3155 54
1103 3107 1133 3168 p-
1148 3089 1227 3168 854)
1248 3098 1277 3152 et
1290 3093 1398 3172 potieri-

258 3209 333 3250 nrnm
347 3187 510 3249 aNiebnhr.
533 3187 629 3262 (Hom.
645 3186 776 3246 Gerenl
797 3209 826 3266 p.
840 3185 882 3253 64
904 3191 950 3248 ed
968 3189 1055 3269 prior.
1081 3192 1140 3269 lp.
1156 3196 1216 3259 111
1236 3195 1282 3254 ed
1296 3195 1397 3272 alim),

219 3313 223 3322 ·
259 3291 306 3367 qni
323 3289 461 3350 Herodoti
482 3291 641 3350 testimonio
663 3291 872 3350 anteferendam
897 3296 1024 3352 statuunt
1047 3299 1077 3351 et
1095 3289 1205 3353 Xanthi
1225 3303 1255 3357 et
1273 3295 1397 3376 Dionysii

257 3393 466 3468 anctoritatem,
498 3393 661 3472 praesertim
685 3411 748 3452 eom
767 3397 844 3452 hntn
864 3394 1017 3453 inveniatur
1038 3393 1178 3474 linguae,
1206 3399 1392 3472 institutorum,

258 3513 381 3569 morum,
401 3493 540 3571 religionis
547 3537 557 3568 ,
579 3495 652 3554 iuter
663 3501 807 3573 utramque
820 3501 932 3573 gentem
945 3496 1099 3558 diuersitas.

343 3597 403 3658 Sed
424 3595 568 3656 Gallorum
589 3616 658 3674 qnos
683 3615 769 3676 aopro
789 3599 938 3658 memorari
957 3597 1101 3676 rationes,
1137 3603 1234 3679 quibua
1254 3601 1394 3663 Herodoti

256 3701 343 3762 fidem
356 3699 513 3772 elevarunt,
534 3698 590 3756 iarn
600 3697 756 3782 Larelnerur
771 3700 921 3778 infringere
942 3701 1047 3762 studuit
1066 3713 1190 3764 aomnto
1209 3705 1339 3766 examine
1360 3709 1396 3767 ad

256 3799 397 3864 Herodoti
410 3799 499 3860 loenm
513 3800 543 3875 l,
558 3800 601 3866 94
621 3802 672 3861 tl
693 3801 892 3881 p-3771eqq.
911 3809 1046 3872 notnofi
1065 3808 1196 3867 instituto.
1238 3805 1318 3869 Nam
1329 3809 1397 3871 liaeo

132 3909 134 3912 ’
258 3909 295 3968 de
311 3903 446 3966 industria
463 3903 500 3965 ab
513 3901 660 3963 Herodoto
671 3901 817 3980 Lydorum
826 3905 951 3986 ipsorum
967 3928 1003 3968 ex
1013 3910 1086 3968 torna
1098 3927 1130 3968 ao
1141 3907 1199 3970 lide
1211 3912 1293 3972 tradi
1303 3923 1395 3976 censet

261 4101 467 4118 ψ

293 4237 319 4306 ·)
340 4238 458 4294 Pertinet
475 4236 525 4290 Inoo
539 4249 642 4304 quoqne
657 4235 776 4291 Senecae
792 4236 869 4292 illude
891 4276 910 4305 „
919 4240 1016 4295 uoco:
1028 4241 1094 4295 Ario
1107 4237 1156 4296 riti
1167 4242 1321 4298 ataw-

280 4355 316 4426 ⁸')
337 4357 398 4413 Quo
412 4356 484 4424 prior
496 4357 548 4408 ianr
564 4357 750 4411 Vololenarim
761 4357 868 4412 Xantho
883 4359 958 4427 Lydo
970 4359 997 4412 ln
1011 4361 1089 4412 rebor
1104 4361 1194 4426 patrie
1214 4361 1299 4428 potior
1318 4373 1390 4426 quan

342 4441 452 4494 Graecia
466 4442 652 4497 recentioribus
664 4443 821 4498 erodendum
833 4444 1008 4510 indiderent,
1031 4445 1065 4498 od
1080 4445 1207 4500 Herodot.
1218 4443 1264 4510 lv,
1277 4443 1317 4498 di.
