2982 5170
504 437 731 504 otrus
993 409 1094 508 'rso

140 609 204 698 plu
225 609 287 694 τῆς
307 605 437 694 adppoo
455 603 497 675 roi
517 607 642 696 χείλεα·
684 603 821 693 δεύτερα
850 606 904 688 ol,
942 603 1025 678 oded
1053 605 1092 678 cd

120 709 256 816 liniger
280 725 340 797 τόν
365 723 470 796 αὐτὸν
497 723 633 815 τρόπον.
674 725 785 799 induo
816 725 853 797 di
879 729 943 796 cosi
974 729 1136 818 cslxaoett

104 1061 139 1104 re
151 1041 367 1118 ll,1tt.ldem
381 1048 474 1104 tamen
487 1041 530 1102 vir
545 1041 597 1102 do-
645 1060 692 1104 um
711 1044 938 1106 exstruendorum
949 1044 1057 1106 ratione
1068 1045 1137 1106 scri-

105 1134 168 1188 ctns
184 1127 280 1207 aliquid
294 1129 436 1188 desiderat
449 1129 487 1189 ad
498 1147 597 1188 nama-
644 1129 687 1190 bit
699 1129 876 1204 Herodotus,
890 1129 974 1190 ruinis
987 1129 1077 1189 adbuc
1088 1150 1136 1190 su·

104 1214 187 1272 tionis
202 1214 426 1296 perspicuitatem
450 1219 480 1275 et
499 1214 598 1292 singu·
644 1215 804 1296 perstitibus
813 1217 919 1295 optimc
928 1214 1091 1290 confirmari,
1102 1215 1137 1274 il-
1167 1263 1171 1282 ,

103 1299 188 1359 hum
218 1300 340 1378 partium
376 1297 595 1376 intelligentiam,
644 1299 741 1378 lasque
762 1306 851 1362 mutes
875 1300 1041 1361 arundineas
1067 1298 1138 1360 late·

101 1385 260 1465 praesertim
287 1386 317 1444 iu
344 1384 394 1444 ill·
424 1377 594 1466 τριήκοντα,
642 1405 706 1446 rum
725 1387 870 1446 ordinibus
886 1386 1045 1447 intersertas
1065 1385 1138 1445 intc-

100 1480 153 1530 tum
167 1469 250 1550 quod
264 1469 341 1530 nulla
354 1472 459 1532 mentio
472 1471 522 1531 aas
535 1490 595 1531 ma·
644 1490 710 1549 gras
722 1489 795 1530 nunc
806 1489 919 1550 qnoque
926 1471 1047 1550 conspici
1060 1469 1135 1550 opti-

94 1557 198 1630 teriae,
227 1563 345 1636 praeter
356 1556 502 1631 bitumen,
523 1557 596 1616 inter
644 1577 690 1618 rue
703 1562 826 1617 serratas
836 1599 846 1632 ,
858 1562 963 1616 utente
976 1557 1136 1618 brevetan-

93 1643 243 1723 p'auriores
270 1649 319 1702 aut
336 1641 458 1720 singulos
478 1641 596 1703 laterrrm
643 1648 703 1702 trrm
713 1649 823 1722 tempus
838 1643 998 1703 intersertas
1012 1661 1060 1702 eas
1073 1659 1137 1702 esse

95 1729 208 1788 ordines
230 1727 402 1789 interiectae.
449 1724 491 1788 Ao
512 1747 596 1788 saue-
645 1728 791 1790 existimes.
849 1727 1016 1789 Invenerunt
1043 1726 1137 1786 Boau-

95 1831 178 1890 quam
189 1813 295 1872 mirum
311 1811 399 1872 videri
410 1818 521 1892 potest,
541 1817 594 1874 tri-
645 1810 954 1892 champ,Niebuhrius,
966 1813 1003 1872 de
1014 1809 1137 1887 lavalle,

95 1901 191 1956 omaso
206 1899 424 1977 msipuelutm
437 1899 598 1961 ordr'rritan·
645 1899 712 1973 alii,
733 1899 782 1957 bas
803 1905 893 1958 crates
913 1896 1078 1958 arundineas
1096 1897 1154 1956 lam

94 1989 172 2059 tum,
193 2001 250 2043 uec
270 2003 336 2044 vero
357 1983 471 2060 singulis
489 1987 597 2046 ordini·
643 1983 749 2044 teribus
763 1984 896 2059 insertas,
912 1985 962 2044 sed
974 1983 1139 2058 alteroquo·

95 2069 149 2128 bus
169 2075 222 2127 aut
242 2076 315 2130 oerte
333 2068 516 2148 compluribus
534 2091 597 2133 cra-
646 2087 702 2149 que
717 2075 766 2129 aut
781 2067 863 2129 etiarn
876 2075 966 2142 sexto,
978 2068 1096 2148 septimo
1109 2071 1139 2128 et

96 2158 143 2213 tes
155 2153 324 2214 anmdiueas
335 2156 513 2234 interpositas
525 2145 596 2220 esse.
647 2161 744 2216 octavo
759 2156 788 2214 in
801 2147 905 2216 ordine
935 2153 1043 2223 Quibus
1059 2151 1139 2214 testi-

99 2240 200 2308 Quare
219 2239 369 2300 Salmasius
398 2257 433 2299 ac
451 2249 516 2321 post
532 2261 596 2306 eum
645 2242 745 2302 moniis
756 2242 892 2316 confisus,
911 2239 1063 2300 Rennelius
1081 2237 1140 2298 exi·

97 2323 307 2403 Wessebngius
336 2326 422 2387 locmn
448 2329 489 2387 ita
510 2330 595 2409 aodpi
646 2327 809 2402 stimatfsin
836 2325 999 2386 Herodoteo
1023 2327 1140 2401 walo

97 2411 223 2485 malunt,
237 2418 271 2470 nt
285 2413 467 2490 ang-ramora
482 2413 596 2475 mensas
644 2411 1140 2472 latemmnnmeromendnmsubesse
1238 2435 1240 2448 >

96 2495 237 2558 udeiubur
254 2504 344 2559 mutes
366 2500 436 2559 istae
449 2499 597 2582 interposi·
645 2489 801 2558 alibrariis
829 2497 1012 2557 commissum.
1055 2495 1140 2554 Conf.

95 2587 142 2644 tac
167 2582 286 2643 luerim.
326 2583 387 2645 Sed
412 2601 526 2662 uereor,
566 2591 599 2644 ut
647 2579 1024 2663 Geogr.llerodotp·669·
1045 2579 1141 2648 Quare

97 2668 156 2747 ipsa
170 2669 402 2745 Graecarum,
418 2671 598 2748 qualianuuc
647 2667 757 2747 Steger.
782 2667 921 2728 Pmesatio
942 2667 981 2726 ad
1003 2665 1141 2726 Herodot.

97 2753 244 2831 leguntur,
282 2753 366 2816 talesn
390 2757 594 2834 interpretatio·
646 2772 714 2832 pag.
728 2753 755 2812 X
769 2773 829 2832 seq.
843 2771 925 2813 voces
938 2745 991 2814 dsoi
1003 2745 1144 2832 τριήκον-

98 2859 158 2900 nem
172 2841 416 2914 admittan13nec
437 2840 511 2901 ullus
530 2842 597 2902 milri
648 2859 686 2900 τα
705 2839 805 2918 corrigi
829 2837 886 2898 vult
912 2838 942 2896 in
964 2827 1022 2899 delo
1039 2828 1062 2915 'l
1079 2857 1142 2918 rpr-

98 2931 167 2986 onie
192 2924 323 2984 innotuit
348 2923 440 3004 locus,
480 2927 528 2986 ubi
548 2921 599 2990 dmi
649 2927 694 2987 oio
714 2945 789 3001 noo,
819 2924 867 2984 ubi
886 2913 944 2984 do‘o
965 2921 1086 3001 positum
1104 2921 1143 2980 sit
1239 2969 1244 3000 ,

99 3029 155 3070 mm
169 3009 304 3089 genitivo
316 3007 372 3071 lale
382 3013 447 3090 qnid
461 3014 599 3093 exprime-
647 3026 701 3092 pro
730 3010 827 3085 dorio,
861 3013 891 3068 et
914 3008 1050 3084 genitivus
1070 3023 1143 3086 pen-

99 3115 127 3155 re
137 3095 279 3176 potuerit.
303 3125 340 3138 -
362 3093 491 3176 rupooslg
507 3091 599 3160 nolui.
648 3097 716 3156 deut
730 3094 961 3176 apraepositioue
975 3086 1028 3152 daal
1042 3092 1142 3150 inrer-

101 3203 161 3261 μων
179 3181 254 3242 dicit
271 3183 366 3254 sam,
387 3188 471 3243 erutas
484 3181 600 3244 mmsda‘·
647 3171 986 3258 intramuraneam
999 3193 1067 3236 vero
1080 3195 1142 3236 esse

100 3264 487 3343 transmontanorum
499 3289 598 3348 quem.
649 3270 763 3325 circitec
804 3265 843 3324 Et
856 3265 904 3342 qui
918 3261 1076 3348 nuperrime
1091 3260 1141 3319 has

103 3352 250 3412 admodum
297 3349 366 3410 olim
411 3355 598 3416 reddiderant.
649 3353 776 3429 regiones
798 3349 890 3409 inrisit
909 3352 1142 3422 monumentaque

102 3437 204 3497 Graeci
215 3435 363 3515 explicant
383 3435 544 3518 nllypara3
561 3443 596 3502 cs.
649 3437 808 3516 descripsit,
831 3433 1048 3512 Burkingbam„
1075 3449 1143 3489 ron-

100 3523 222 3598 Gregor.
234 3521 366 3582 Corinth.
387 3523 425 3581 de
438 3524 601 3600 diallonie,
647 3523 739 3582 llrmat
759 3522 881 3602 priorum
905 3520 1143 3599 peregrinatorum

103 3605 208 3688 §107
219 3607 287 3686 ibiq.
310 3608 427 3687 interpr.
444 3613 474 3670 et
487 3609 599 3689 Thucy·
649 3608 835 3668 narrationem
844 3607 881 3666 de
892 3605 1016 3664 cratibus
1029 3601 1142 3662 numdi-

105 3695 157 3752 did.
181 3693 227 3768 Il,
251 3695 314 3768 76,
341 3712 379 3754 ne
401 3692 457 3753 alia
477 3695 599 3756 afferam.
648 3693 709 3754 neis
730 3693 827 3772 quinto
850 3695 899 3751 aut
925 3697 1002 3750 sexto
1027 3687 1144 3748 letenna

103 3775 316 3859 adremipsam
324 3778 601 3858 admonetSehweig-
651 3779 742 3840 ordini
757 3778 926 3851 intersertis,
939 3793 1091 3852 musasque
1100 3773 1144 3830 in-

103 3862 249 3928 lneuacrus
263 3865 295 3922 in
311 3862 475 3926 Taveruerii
488 3863 603 3925 itinera·
650 3865 787 3942 vestigat,
807 3881 856 3922 cur
870 3863 910 3922 itu
922 3860 1037 3922 iecerint
1048 3857 1145 3934 Baby-

102 3949 142 4008 rio
160 3949 218 4010 lll
237 3969 284 4028 ῳ.
309 3949 467 4014 7inveniri
488 3950 602 4011 similem
651 3949 726 4011 lonii.
768 3948 801 4006 ln
816 3965 931 4008 numero
943 3945 1068 4018 tarnum,
1082 3944 1145 4021 qui·

108 4038 175 4092 muri
193 4037 294 4096 veteris
322 4033 551 4114 descriptionem,
571 4035 601 4096 iu
651 4035 704 4096 bus
717 4040 806 4096 crates
813 4032 931 4093 iniectae
938 4027 1144 4103 incunctante

111 4119 325 4193 quoiaterserta
336 4119 602 4183 laedatinterlate-
649 4121 781 4182 mendum
801 4117 923 4198 irrepere
943 4117 1069 4197 pobrisse
1090 4111 1144 4192 ipsi
1170 4186 1172 4192 Α

111 4219 174 4260 rum
195 4205 303 4264 ordines
331 4210 421 4277 strata
442 4208 602 4268 arundinea.
651 4223 763 4284 quoque
776 4201 920 4282 probabile
932 4201 1048 4262 videbar.
1059 4197 1143 4257 Conl'.

112 4283 185 4358 N⁰⁸l
195 4285 318 4347 norm
346 4295 490 4370 repetere,
524 4292 603 4370 quod
652 4291 711 4352 eius
732 4291 852 4349 itinerar.
866 4287 896 4346 in
912 4283 1145 4364 Mesopotamiam

111 4367 201 4432 morlo
210 4369 384 4432 calleerenio
396 4374 603 4458 adscripsimus,
652 4373 789 4454 (Berolin.
804 4372 902 4449 1828)
915 4387 982 4450 pssg·
990 4367 1062 4434 449·
1071 4363 1144 4432 605·

110 4455 216 4518 eaden
228 4455 338 4534 mulo,
353 4477 425 4539 quac
441 4462 480 4524 de
497 4465 604 4528 moeni-
695 4449 847 4524 ludendi
865 4458 921 4520 coi
936 4454 1047 4534 τείχεος
1060 4443 1144 4526 copul
