2990 5228
442 435 506 498 848
754 433 1105 495 HERODOTI

441 603 569 666 λασσαν
589 595 757 687 φερούσῃ,
796 599 858 685 τὴν
886 604 1028 683 Δαρεῖος
1056 593 1076 666 ὁ
1102 597 1234 685 Πέρσης
1253 599 1432 686 σεύτεραὲυ

441 715 596 802 διώρυξε·
629 723 687 802 τῆς
707 721 812 804 μῆκος
835 719 896 803 μέν
925 717 992 787 ἐστι
1017 715 1125 796 πλόος
1143 715 1266 803 ἡμέραι
1285 720 1401 789 elece-

441 861 513 921 ρες,
549 829 648 917 εὖρος
675 837 710 904 σὲ
733 835 868 926 ὠρύχθη
897 837 979 906 ὥστε
1004 834 1158 925 τριήρεας
1194 837 1258 907 ddo
1286 841 1401 908 πλέειν

418 953 533 1044 26μοῦ
553 955 822 1044 ἐλαστρευμένας.
856 951 952 1045 ἦκται
974 957 1010 1027 δὲ
1032 957 1098 1027 ἀπὸ
1122 963 1185 1027 τοῦ
1207 963 1338 1028 Νείλου
1357 959 1399 1030 τὸ

396 1309 481 1348 causa
492 1291 615 1348 canalem
627 1289 802 1350 restitueret:
815 1288 892 1348 nude
941 1289 967 1349 ll
975 1334 985 1363 ,
999 1289 1069 1355 159.
1091 1289 1138 1363 IV,
1151 1288 1195 1353 42
1209 1295 1240 1348 et
1252 1289 1370 1351 Bennel.
1384 1292 1399 1350 l.
1413 1291 1430 1350 l.

396 1377 487 1454 operis
509 1383 651 1434 auctorem
672 1383 699 1433 et
719 1376 891 1433 conditorem
941 1393 1006 1453 pag.
1021 1379 1094 1439 462.

395 1459 499 1518 dictum
512 1461 596 1519 scrisse
612 1458 741 1520 credibile
757 1467 808 1518 eat.
850 1458 892 1517 Aa
984 1463 1039 1538 τῆς
1066 1462 1162 1538 μῆκος
1182 1456 1243 1538 μέν
1259 1457 1314 1519 ἔστι
1332 1453 1424 1533 πλόος

396 1545 440 1606 τι]
466 1552 532 1624 post
558 1545 747 1605 Ptol-ceum
773 1544 890 1603 similem
941 1541 1053 1624 ἡμέραι
1068 1542 1216 1624 τέσσερες]
1241 1545 1283 1604 De
1295 1545 1345 1602 lod
1356 1553 1415 1602 suu-

395 1649 510 1709 operam
534 1630 622 1690 canali
651 1630 751 1687 obruto
773 1649 890 1688 navasse
940 1638 1018 1690 ctura
1041 1633 1148 1689 monuit
1169 1629 1310 1690 Matthiae
1323 1631 1371 1688 Gr.
1379 1632 1423 1688 (ir.

396 1715 498 1775 dicitur
512 1715 649 1775 Traianus
660 1713 704 1774 vel
721 1715 815 1792 potina
829 1715 888 1772 Ha·
912 1701 917 1725 ¹
940 1735 1005 1795 pag.
1019 1715 1092 1781 794.
1142 1715 1260 1774 canulis
1288 1715 1428 1793 lonffl'tndi·

395 1802 525 1873 drianue3
545 1807 575 1860 et
586 1800 742 1878 quingentis
757 1800 814 1860 fere
822 1805 889 1877 post
935 1819 1003 1860 uem
1029 1801 1181 1860 secuudum
1205 1799 1328 1859 Plinium
1358 1804 1432 1860 fuisse

394 1887 492 1959 annia,
520 1906 581 1944 cnm
610 1888 703 1946 denuo
730 1885 887 1943 obstructus
937 1885 1034 1944 volunt
1047 1890 1089 1951 62
1101 1886 1288 1944 milliariorum
1303 1889 1364 1946 sire
1379 1889 1433 1968 11}

394 1979 467 2030 esset
488 1970 609 2046 canalis,
641 1971 736 2030 Omari
752 1971 829 2028 iussu
851 1969 886 2027 ab
936 1971 1122 2028 milliariomm
1136 1971 1374 2030 Germanicorum.
1388 1973 1436 2030 li-

392 2054 462 2116 illiua
487 2058 559 2117 duce
578 2055 662 2116 Amro
681 2056 823 2114 restitutus
842 2058 886 2113 est
938 2057 974 2114 de
986 2055 1105 2114 Rennel
1130 2056 1183 2115 ll.
1206 2075 1274 2135 pag.
1293 2059 1359 2122 386
1375 2058 1436 2116 αιΙλ.

391 2159 467 2200 auno
484 2144 546 2207 689
566 2162 594 2220 p.
613 2140 679 2199 Chr.
694 2160 738 2214 m,
768 2160 824 2218 quo
843 2140 887 2197 ui·
935 2139 1077 2200 Mannert.
1092 2141 1237 2218 (zeugma
1254 2142 1306 2199 Gr.
1314 2163 1343 2200 u.
1351 2143 1435 2202 Rom.

392 2227 490 2286 mirum
507 2227 650 2285 frumentis
671 2223 838 2285 iuMecoam
857 2232 887 2284 et
936 2225 1151 2304 x,1p.510.
1193 2227 1268 2285 Cum
1292 2230 1435 2305 navigatio

391 2311 523 2386 reliquam
547 2309 677 2369 Arabiam
701 2330 735 2371 ex
753 2311 885 2388 Aegypto
936 2317 1057 2388 quatuor
1086 2312 1192 2370 dierum
1219 2312 1296 2370 iusto
1324 2311 1436 2390 longior

315 2413 319 2420 ·
391 2396 562 2454 deducendis
577 2397 730 2454 inserviret
756 2396 815 2453 Sed
834 2413 885 2452 au·
934 2395 1231 2473 rideatnr‚utinqna
1245 2403 1352 2456 tantum
1367 2407 1435 2456 octo

390 2499 428 2538 no
442 2484 506 2546 762
520 2500 549 2560 p.
564 2481 631 2540 cur.
647 2499 674 2538 n.
696 2481 793 2539 iterum
809 2479 886 2538 diru-
934 2479 1062 2540 milliaria
1075 2480 1188 2556 (lienes)
1204 2501 1261 2540 uno
1277 2483 1323 2542 die
1336 2484 1433 2542 absol-

384 2559 452 2639 ¹tas,
478 2566 517 2624 ad
536 2572 630 2624 nostra
648 2585 737 2641 usque
759 2572 885 2644 tempora
934 2574 1050 2639 vantur,
1071 2564 1115 2625 Le
1129 2565 1201 2626 Pdre
1222 2587 1251 2646 p.
1267 2571 1309 2632 60
1322 2571 1431 2640 stabul,

390 2651 617 2726 iacetneglectua.
660 2650 722 2710 Nec
741 2657 833 2709 tamen
851 2649 884 2708 il·
934 2653 1140 2728 navigationem
1158 2652 1243 2710 rarius
1259 2652 1335 2719 velia,
1356 2652 1424 2728 ple·

390 2736 437 2793 lud
452 2737 634 2812 praetermitti
650 2737 823 2808 debet,eum
836 2755 884 2793 ca·
934 2756 1052 2813 rumque
1069 2737 1147 2794 remia
1167 2743 1214 2794 aut
1236 2735 1348 2792 funibus
1373 2735 1421 2792 in-

388 2819 494 2890 uelem,
522 2838 605 2895 quem
621 2827 652 2878 et
674 2820 832 2877 Hadrianus
853 2826 883 2878 et
932 2823 1055 2880 stitutum
1066 2820 1146 2879 fuisse
1156 2819 1249 2878 videri.

335 2963 338 2968 ,
388 2903 508 2961 Omams
526 2904 589 2962 duci
608 2904 761 2978 iusserunt,
782 2906 883 2963 nonni·
977 2903 1051 2968 ὥστε
1069 2901 1203 2984 τριήρεας
1224 2896 1341 2964 drio—
1357 2901 1426 2965 ἔλα-

387 2986 425 3045 lril
436 2988 572 3046 diversum
585 2990 673 3047 fuisse
688 2991 724 3047 ab
735 3010 784 3061 eo,
799 3009 882 3066 quem
933 2987 1124 3070 στρευμὲνας]
1144 2983 1335 3068 ἐλαστρεῦειν
1347 2989 1428 3049 baud

393 3081 465 3132 teate
491 3073 636 3132 Herodoto
665 3073 744 3133 duxit
771 3075 881 3133 Darius.
915 3077 1051 3136 -multum
1078 3078 1279 3153 significatione
1299 3075 1428 3134 differta

389 3158 472 3216 Plura
486 3157 604 3218 chnel.
621 3161 639 3218 l.
655 3160 672 3218 Ι.
688 3180 715 3239 p.
725 3159 788 3224 584
801 3181 880 3236 seqq.
931 3165 1017 3222 verbo
1042 3157 1206 3234 ἐλαύνειν,
1234 3181 1328 3221 narem
1349 3166 1428 3220 reau's

388 3252 416 3304 et
432 3243 560 3304 Larcher.
575 3246 612 3302 ad
626 3247 763 3304 Herodot.
779 3246 879 3318 lV,39
929 3251 1045 3322 agitare.
1076 3247 1175 3314 Quare
1187 3249 1364 3321 Eustatbins,
1377 3267 1428 3304 uo-

388 3337 454 3388 tom.
470 3329 506 3387 lll
522 3351 549 3408 p.
567 3329 629 3396 449
654 3329 812 3389 coll.Bedr.
827 3328 845 3388 l.
860 3330 878 3389 l.
929 3341 1015 3391 atrum
1042 3330 1138 3390 locum
1167 3335 1334 3412 respiciens,
1376 3332 1429 3390 hoe

387 3414 480 3491 lpag.
494 3420 565 3480 727.
609 3417 767 3474 Recentiori
785 3423 880 3475 aetate
928 3417 1039 3476 verbum
1060 3419 1194 3496 usurpari
1210 3420 1292 3477 docet
1310 3414 1358 3478 ἐπὶ
1377 3437 1425 3475 νε-

387 3497 538 3576 Mustaplra
550 3499 602 3572 ΙΙΙ,
624 3501 776 3560 Turcarruu
790 3503 879 3578 impe·
929 3503 972 3562 oio
984 3497 1214 3578 ἐλαυνομένων,
1232 3505 1269 3560 ad
1280 3502 1309 3558 ll.
1318 3499 1422 3573 xvtn,

386 3593 477 3656 rator,
499 3585 545 3658 qui
566 3587 635 3644 obiit
658 3585 740 3650 1774
759 3607 787 3664 p.
804 3587 879 3661 cue,
926 3584 990 3650 648
1006 3605 1074 3665 pag.
1090 3591 1187 3660 1219,
1199 3587 1254 3658 24,
1281 3585 1318 3641 ad
1331 3601 1423 3660 quem

385 3669 423 3726 de
441 3668 529 3726 canali
553 3671 726 3728 restituendo
741 3671 880 3749 orgitasse
927 3671 1046 3730 eundem
1060 3671 1151 3732 locum
1163 3681 1263 3729 veteres
1276 3685 1424 3744 gmnma·

384 3753 488 3824 fertur,
510 3754 666 3832 eademque
686 3756 798 3816 consilia
819 3759 881 3832 agi-
928 3757 1006 3831 ticon,
1018 3757 1066 3833 qui
1081 3757 1160 3817 iidem
1173 3761 1315 3831 erpounnt
1330 3749 1424 3816 etad-

347 3849 353 3871 ‘
384 3841 459 3895 tasse
491 3838 590 3896 scimus
617 3861 698 3912 eum,
733 3842 780 3916 qui
806 3860 878 3900 uuna
927 3862 1011 3907 νειν.
1035 3843 1099 3901 citat
1116 3842 1212 3917 Heync
1229 3840 1309 3897 obas.
1329 3849 1352 3899 t.
1370 3841 1422 3899 Vll

383 3919 513 3998 Aegypto
541 3932 654 4002 praeeat
681 3944 788 3984 summo
815 3945 877 3986 cum
927 3946 956 4007 ρ.
972 3927 1046 3993 544.
1086 3927 1164 4004 Apud
1177 3923 1359 3984 Herodotum
1378 3928 1421 3984 in-

383 4007 506 4086 imperio.
927 4014 1039 4072 venitur
1058 4004 1243 4090 ἔλασιρεῦειν
1257 4011 1333 4069 infra
1349 4029 1421 4087 quo·

425 4091 456 4166 ἐς
469 4089 525 4171 τήν
539 4086 691 4172 Ἐρυθρήν
705 4089 876 4175 θάλασσαν]
928 4117 985 4176 que
999 4096 1066 4171 vll,
1076 4095 1127 4162 24.
1160 4095 1207 4153 Ad
1223 4105 1420 4172 argumentum

382 4177 427 4238 De
443 4180 602 4237 rubromcrr'
619 4181 735 4240 diximus
755 4183 791 4238 ad
809 4181 831 4254 l,
847 4187 875 4246 1.
926 4183 980 4242 loci
1001 4181 1148 4263 praecipue
1167 4181 1275 4240 consul.
1292 4181 1417 4240 strunt

382 4264 445 4322 Hoc
469 4264 529 4322 loco
559 4265 720 4340 intelligitur
742 4267 876 4324 Αιιιὶιίιιιι
926 4267 944 4326 Ι.
960 4268 1009 4344 qui
1025 4273 1129 4326 ιαιλιιτι
1143 4267 1418 4326 mabitoelatumacn'·

371 4351 471 4421 Ιιιίαιι,
493 4349 539 4424 qui
561 4353 671 4426 proprie
694 4353 775 4408 muris
797 4352 874 4412 rubri
924 4353 1102 4413 bitmnaln
1113 4352 1340 4428 eundemqueita
1353 4370 1417 4429 pro-

381 4433 542 4512 perhibetur
559 4453 635 4513 para.
667 4437 749 4495 Cous.
763 4437 872 4497 Herod.
922 4438 1067 4510 fundum,
1096 4444 1130 4498 ut
1160 4437 1305 4497 commode
1339 4436 1414 4494 naria
