2990 5228
340 425 551 489 nxcuasus
572 428 610 492 ιν
631 426 684 488 un
705 427 1024 506 annonariae.
1081 459 1085 467 -
1190 433 1251 493 aur

443 1091 917 1170 EXGURSUSIV

286 1245 1080 1344 annnaonor.n,a

175 1583 227 1652 dar
255 1561 420 1672 AEprrnroe
441 1623 483 1634 -
504 1583 572 1652 ἔστι
599 1583 809 1670 Abpvmlorol
844 1580 1013 1672 ἐπίκτητός
1048 1607 1083 1652 τε
1117 1586 1161 1673 γῆ
1195 1584 1252 1652 καὶ

236 1688 347 1774 daipov
366 1691 428 1755 τοῦ
449 1689 612 1772 ποταμοῦ.

190 1825 285 1888 Potuit
307 1827 360 1887 hoc
380 1828 492 1886 fluxiore
514 1846 549 1888 ex
569 1825 705 1886 Heoataei
720 1823 821 1884 Milesii
842 1823 912 1883 libro
934 1825 970 1884 de
992 1825 1074 1884 rebus
1094 1823 1250 1905 Aegyptiis,

107 1947 141 1989 en
153 1948 209 2008 qno
224 1929 400 1990 Herodotum
413 1929 490 1989 haud
502 1947 591 2010 panea
602 1928 821 2006 transscripsisre
839 1928 925 1986 refert
938 1925 1072 2007 Porphyr.
1087 1945 1133 2007 ap.
1146 1928 1249 1987 Euseb.

101 2039 262 2112 praeparat.
280 2053 323 2092 ev.
346 2031 373 2090 X
393 2052 422 2110 p·
435 2032 515 2107 466,
528 2031 564 2090 Β.
605 2030 652 2091 Au
667 2031 758 2108 quod,
780 2036 911 2109 nronente
927 2030 1055 2090 Crouzer.
1071 2033 1100 2090 in
1121 2033 1259 2108 fragmm:

101 2134 168 2193 hist
180 2155 209 2214 p.
225 2140 266 2202 29
279 2155 354 2212 req„
375 2134 443 2193 facit
457 2132 567 2193 Arriani
585 2133 772 2192 testimonium
791 2133 849 2208 (de
870 2132 969 2210 exped.
988 2131 1135 2193 Alexandr.
1148 2133 1189 2208 V,
1203 2133 1249 2208 6),

100 2235 140 2294 ab
155 2236 302 2296 Hecataeo
316 2245 400 2312 atque
414 2223 561 2295 Herodhto
573 2236 732 2314 Aegyptum
750 2233 889 2314 perhiberi
905 2233 962 2292 Nili
975 2233 1077 2294 donum
1098 2235 1250 2294 eonibentia.

101 2337 168 2397 Neo
183 2339 274 2397 minua
296 2336 348 2397 hue
367 2323 510 2417 pertinent
534 2338 680 2400 Strabonis
698 2339 784 2397 verba
803 2336 858 2394 XII
877 2354 944 2414 pag.
957 2338 1037 2411 810,
1058 2337 1085 2396 C
1104 2358 1127 2396 a.
1142 2357 1171 2416 p.
1186 2336 1250 2402 536

101 2439 181 2515 (coll
194 2440 209 2498 Ι
222 2460 250 2518 p.
264 2441 368 2511 61,B.
390 2462 418 2520 p.
432 2443 475 2507 36
499 2447 528 2500 et
547 2441 605 2514 53,
618 2441 654 2501 B.
682 2462 711 2520 p.
728 2443 800 2514 80):
822 2431 949 2500 -o'r'ore
972 2431 1097 2514 εἰκότως
1116 2433 1178 2502 rino*
1196 2436 1253 2501 τοῦ

98 2533 269 2620 Ἡροδότου
297 2540 348 2602 aul
371 2538 429 2621 τήν
456 2537 532 2622 ὅλην
553 2543 710 2626 Αἴγυπτον
733 2545 790 2604 τοῦ
810 2543 952 2620 ποτομοοῖ
973 2537 1249 2622 δῶρον’λέγεοθαι·

101 2636 164 2705 κᾶν
176 2643 205 2705 εἰ
217 2639 261 2724 μή
276 2639 333 2722 τήν
351 2637 439 2723 troo,
460 2637 519 2723 τήν
535 2667 569 2726 γι
586 2640 649 2708 riori
663 2649 707 2730 api
721 2643 832 2719 Allan,
853 2639 911 2723 τήν
924 2635 1007 2704 notro
1020 2635 1124 2725 χώραν
1136 2661 1251 2725 ποοοα·

103 2744 318 2829 γορευομένην.
368 2747 540 2817 Quibuscum
559 2750 656 2809 confer
675 2747 820 2808 Heliodor.
839 2743 989 2825 Aethiopp.
1004 2746 1062 2821 IX,
1080 2751 1123 2812 22
1142 2765 1171 2824 p
1185 2747 1249 2811 381

101 2851 145 2910 ed.
162 2852 270 2910 Coraia.
299 2848 392 2927 Atque
406 2857 518 2929 praeter
530 2851 582 2910 hos
597 2854 745 2931 scriptores
764 2849 878 2924 allator,
899 2847 1039 2909 Diodorus
1054 2847 1084 2921 l,
1095 2847 1146 2912 34.
1165 2847 1249 2923 111,ss

100 2952 165 3028 (ubi
178 2952 234 3010 vid.
248 2951 449 3028 wesseling),
469 2950 631 3012 Aristotelea
653 2959 768 3013 meteor.
789 2951 820 3026 l,
838 2949 894 3026 14,
915 2949 978 3025 alii,
999 2951 1156 3009 inferiorem
1176 2953 1250 3008 certe

100 3052 263 3131 Aegyptum
276 3049 333 3110 Nili
352 3053 457 3111 donum
475 3073 538 3114 eane
558 3056 731 3115 contendunt
748 3052 823 3112 haud
835 3055 894 3113 fere
909 3051 989 3112 aliter
999 3058 1083 3128 atque
1095 3048 1251 3128 Aegyptio·

102 3173 164 3212 rom
182 3154 340 3226 aaoerdoter¹
360 3154 506 3214 Herodoto
525 3163 705 3217 narraverant
721 3161 753 3215 et
768 3154 844 3216 hicce
864 3157 925 3233 ipse
945 3155 997 3228 sibi
1018 3157 1195 3232 persuaserat
1212 3151 1249 3210 de

104 3256 227 3314 interiori
242 3253 373 3336 Aegypto
386 3277 421 3317 ex
436 3258 552 3318 advecto
567 3259 643 3318 fluvii
663 3259 728 3318 limo
749 3258 819 3318 orta.
862 3257 969 3317 Nostra
988 3261 1082 3315 aetate
1101 3253 1178 3312 haud
1198 3253 1249 3312 de·

105 3358 197 3430 suere,
218 3359 266 3434 qui
284 3358 355 3418 hane
371 3360 535 3419 sententiam
553 3362 721 3440 probarent,
743 3361 845 3419 laudati
865 3377 883 3418 a
903 3357 1107 3418 schlichtborat
1130 3359 1158 3416 in
1180 3375 1248 3434 geo-

103 3461 203 3539 graph.
218 3457 301 3518 Afric.
314 3460 421 3520 Herod.
437 3481 465 3538 p.
479 3463 538 3548 23,
560 3463 660 3539 quibua
675 3461 748 3522 adde
765 3463 802 3526 sis
823 3463 909 3521 Beck.
925 3461 1034 3537 allgem.
1051 3458 1219 3536 Weltgescb.
1235 3457 1248 3516 l

103 3563 219 3640 110268.
247 3561 331 3622 Unde
346 3563 554 3641 quodammodo
569 3572 700 3625 monente
714 3565 843 3624 Creuzer.
855 3563 872 3622 l.
888 3564 923 3638 1.,
945 3561 1130 3638 disiungenda
1143 3560 1249 3640 Ephori
1271 3577 1281 3603 a

103 3666 258 3736 sententia,
284 3665 333 3743 qni
360 3665 472 3741 quidem
490 3685 549 3723 non
572 3667 691 3744 aliquam
709 3666 833 3746 Aegypti
852 3673 981 3746 partam,
1009 3669 1041 3724 ut
1061 3663 1171 3742 reliqui,
1198 3663 1249 3722 sed

103 3771 188 3825 totum
204 3766 362 3846 Aegyptum
380 3787 442 3826 ease
462 3761 698 3847 ποταμόχωστον
709 3770 905 3845 contenderat,
927 3788 963 3827 ne
976 3768 1122 3828 Thebaide
1136 3767 1249 3844 qnidam

103 3874 235 3947 excepta,
264 3888 347 3946 quam
369 3869 467 3948 reliqui
487 3871 612 3949 primitus
641 3877 742 3930 terram
768 3872 954 3932 continentem
972 3871 1143 3947 solidamque
1163 3869 1249 3928 fuisse

103 3972 310 4030 arbitrabantur
332 3971 397 4048 (sed
412 3973 484 4030 oonf.
494 3971 594 4031 Creuz.
607 3977 677 4032 nott.
693 3973 730 4030 ad
747 3972 781 4044 ll,
796 3972 816 4037 4
832 3973 910 4046 fin.);
932 3972 988 4030 rid.
1002 3972 1106 4050 Ephori
1120 3973 1248 4048 fragmm.

102 4093 171 4154 pag.
184 4071 255 4138 214.
269 4077 330 4140 216
345 4073 391 4132 ed.
406 4072 495 4130 Marx.
537 4071 578 4132 Ao
596 4075 674 4148 lieet,
696 4081 727 4132 ut
741 4074 826 4133 modo
844 4075 977 4146 diximus,
998 4075 1143 4133 recentiori
1156 4079 1248 4132 aetate
1268 4116 1272 4125 -

104 4176 259 4235 exstiterint
272 4177 321 4234 viri
335 4175 410 4234 docti
431 4176 471 4249 (r.
491 4195 515 4234 a
529 4175 632 4250 Shaw,
650 4175 727 4252 alii),
749 4177 797 4253 qui
812 4175 951 4235 Herodoti
969 4179 998 4232 et
1017 4175 1184 4252 reliquorum
1200 4194 1248 4234 ve·

105 4284 196 4336 terum
209 4277 371 4355 scriptorum
384 4278 513 4337 iudicium
526 4279 596 4338 tueri
609 4279 767 4348 studerent,
790 4277 838 4335 alii
850 4277 944 4348 fuere,
960 4275 1079 4351 quicum
1093 4275 1248 4353 Aegyptia-
1315 4269 1318 4276 Δ

105 4399 156 4441 cae
175 4385 267 4441 terrae
285 4377 375 4440 nolum
393 4398 466 4440 nunc
480 4399 537 4440 non
551 4381 649 4442 elatius
664 4380 700 4438 rit
720 4399 803 4457 quum
819 4376 960 4437 Herodoti
970 4382 1078 4452 aetate,
1099 4377 1172 4438 humo
1182 4376 1248 4437 rcri-
