2990 5228
418 445 482 508 AD
514 443 970 523 flEnooor.·11,148.
1199 451 1266 517 tlt

114 637 209 678 unum
221 615 445 678 Prommitichum
454 617 583 695 adeoque
595 617 678 678 etiem
693 618 731 677 ud
750 635 881 692 onumen
899 617 969 680 illino
983 617 1193 678 mcceeooribur.
1225 617 1264 678 lit

115 727 223 800 postea
238 721 313 780 idem
324 718 489 780 hlunnertur
501 719 518 778 l.
535 718 553 778 l.
574 737 640 799 pug.
655 717 717 784 441
738 718 810 778 hunc
820 719 954 798 proponit
969 719 1170 782 coniectrunm:
1193 741 1261 780 eun-

113 825 187 884 dem
203 821 395 897 Memnonem,
418 823 467 900 qui
480 821 711 882 Memnoniumet
724 821 830 882 Thebis
849 829 879 882 et
897 821 992 898 Abydi
1009 824 1189 896 exstruxerit,
1209 843 1262 904 pro

112 926 268 1003 labyrinthi
289 932 403 986 auctore
422 931 508 1002 utque
524 926 667 988 conditore
687 944 749 986 eece
767 925 935 986 habendum.

206 1030 251 1090 De
264 1029 373 1088 nomine
387 1027 535 1107 labyrinthi
546 1029 637 1088 verim
649 1029 677 1090 iu
691 1033 785 1107 parter
800 1028 905 1088 meunt
916 1028 967 1087 viri
980 1029 1064 1090 docti.
1092 1029 1165 1088 Sunt
1178 1030 1262 1104 enim,

112 1133 170 1210 qui
189 1132 326 1192 Graecum
339 1131 499 1190 vocobulum
512 1149 574 1192 eme
587 1132 772 1204 contendant,
794 1149 885 1208 coque
897 1130 1045 1209 significari
1058 1131 1153 1190 volrmt
1165 1147 1261 1206 quem-

113 1237 163 1296 vis
175 1233 275 1309 locum,
292 1253 326 1295 ex
337 1253 392 1311 quo
407 1231 555 1294 difficulter
567 1235 670 1294 exitum
686 1233 808 1312 reperire
821 1252 923 1310 quem3
944 1233 989 1294 olii
1002 1229 1020 1293 e
1034 1233 1152 1312 Coptica
1165 1233 1261 1310 lingon

116 1339 196 1398 vocis
215 1337 336 1412 origines
356 1343 482 1415 repetere
502 1335 623 1408 meluut;
653 1334 698 1394 elii
719 1336 857 1413 denique,
878 1355 940 1396 cum
963 1337 1041 1415 apud
1062 1335 1259 1396 Manethonem

117 1439 244 1516 legetur,
263 1436 413 1497 &clarem
426 1440 484 1498 sive
497 1437 636 1510 Maon,
656 1435 778 1517 Aegypti
793 1455 889 1514 regem
902 1436 1052 1514 perfecisse
1066 1437 1260 1516 labyrinthum,

119 1542 187 1600 hinc
206 1542 348 1600 commode
366 1541 467 1620 exponi
482 1559 565 1619 posse
583 1545 699 1599 censent
719 1539 882 1600 domicilium
895 1537 1022 1598 hinni.
1065 1540 1128 1599 Vrd.
1148 1548 1260 1620 praeter

125 1641 208 1701 lierlr.
221 1643 239 1700 l.
250 1642 266 1700 l.
281 1643 402 1721 inprimis
416 1641 554 1702 iablonsk.
567 1663 642 1702 voce.
654 1641 744 1719 Aegg.
757 1659 824 1722 pag.
839 1643 901 1707 128
912 1659 970 1718 req.
984 1640 1078 1717 ibique
1091 1641 1119 1701 T
1120 1663 1137 1702 e
1152 1643 1257 1704 water.

124 1745 333 1823 pag-125seq.
355 1749 414 1804 not
431 1764 454 1803 r.
497 1745 560 1824 lpse
578 1744 752 1804 luhlomlriuo
773 1746 860 1825 (peg-
877 1744 937 1810 125
954 1742 971 1801 l.
985 1742 1018 1818 l.)
1040 1762 1074 1804 ee
1089 1763 1124 1804 ex
1145 1753 1258 1806 centen-

121 1848 176 1920 tie,
196 1867 253 1924 que
265 1847 411 1925 labyrinthi
423 1867 494 1927 opur
508 1867 524 1906 n
538 1847 664 1927 pluribus
679 1846 801 1928 Aegypti
818 1847 930 1924 regibus
952 1844 1084 1925 paulatim
1102 1849 1186 1907 suerit
1206 1850 1256 1908 eb-

116 1947 253 2024 rolutum,
275 1951 402 2029 exponit:
431 1971 496 2030 opor
508 1951 650 2009 multorum
668 1948 711 2009 vel
726 1968 839 2025 magone
853 1949 1048 2018 multitudinis,-
1068 1950 1105 2007 ab
1125 1949 1257 2010 Israelitis

115 2050 208 2123 euim,
231 2069 301 2127 quos
317 2052 469 2130 permultos
486 2053 516 2112 in
532 2051 662 2132 Aegypto
680 2053 767 2112 suisne
790 2053 915 2112 movimur
936 2052 1023 2127 (cous.
1041 2052 1120 2112 exod.
1136 2051 1165 2125 l,
1178 2056 1208 2115 7.
1226 2057 1255 2118 9.

117 2153 192 2228 12),
215 2153 302 2214 videri
315 2161 498 2228 eretmctum3
519 2157 597 2233 quod
614 2153 769 2234 Aegyptios
786 2154 936 2234 postmodo
955 2155 994 2213 itu
1011 2155 1100 2213 suisre
1119 2136 1257 2232 interpress

112 2261 205 2331 tator,
226 2261 258 2314 ut
270 2255 389 2335 plurium
400 2261 429 2316 et
442 2257 556 2333 quidem
568 2258 715 2317 duodecim
729 2257 885 2337 principum
905 2275 977 2335 opur
993 2255 1117 2316 dicerent
1134 2255 1256 2333 labyrin-

112 2357 201 2416 thum.
244 2356 412 2439 Nuperrime
428 2360 466 2419 de
489 2359 638 2437 labyrinthi
654 2378 722 2420 voce
737 2359 777 2418 ric
793 2357 888 2418 rtutuit
907 2356 1021 2417 Siclrler.
1036 2357 1191 2417 Hundhuch
1205 2360 1256 2418 der

112 2458 194 2518 alten
209 2459 316 2536 Geogr.
330 2480 396 2539 pag.
408 2466 488 2537 797,
508 2469 541 2521 ut
553 2468 718 2541 exponeret:
740 2473 871 2546 ⁰³22*ss
880 2451 932 2546 πῂ
952 2455 1254 2537 (moal-'Booten

113 2561 133 2617 i.
150 2580 174 2620 e
197 2561 391 2638 cohoedtorx,
413 2583 478 2642 pro:
500 2563 638 2624 cohaerent
659 2583 726 2623 orn:
755 2564 807 2623 deo
824 2562 1130 2642 uuonmmenbiingende
1142 2563 1254 2624 Schlorr

112 2665 185 2723 oder
200 2663 444 2740 Prnchtgebiiudel

200 2766 293 2826 Situm
313 2765 460 2842 labyrinthi
479 2766 546 2826 ontio
566 2766 708 2829 declnrnre
724 2768 855 2830 videntur
873 2766 1012 2826 Herodoti
1030 2770 1130 2828 verba:
1151 2759 1254 2852 ὀλίγον

111 2865 189 2950 rinip
207 2871 263 2946 τῆς
283 2869 392 2948 λίμνης
414 2871 469 2947 τῆς
488 2869 623 2950 Μοίριος
639 2877 669 2931 et
691 2891 764 2950 quae
782 2876 942 2948 sequuntur.
964 2869 1059 2938 Quere
1079 2871 1156 2948 quod
1172 2871 1249 2931 Duu-

110 2969 200 3027 villiur
224 2971 359 3047 duplicem
380 2970 566 3048 luhyrinthum
586 2973 673 3034 suirre
693 2975 757 3062 olim
777 2975 931 3046 stutuebat,
965 2972 1157 3048 Herodotique
1175 2971 1252 3049 leby-

111 3072 231 3132 rinthum
248 3071 510 3152 Hemcleopolitnno
539 3091 622 3131 nomo
644 3075 811 3154 educriptum
837 3073 950 3134 uolebet
973 3092 1064 3154 prope
1085 3075 1250 3152 septentrio-

111 3177 203 3238 nalem
231 3176 378 3236 terminum
405 3176 464 3234 eius
488 3171 620 3248 cubebo,
655 3178 704 3254 qui
731 3195 806 3238 uunc
825 3177 938 3255 quidem
958 3173 1113 3256 appdletur
1130 3174 1250 3250 lintheo,

110 3278 217 3356 lupoum
230 3280 313 3339 subse
323 3278 411 3336 virum
427 3276 569 3353 egregium
583 3277 644 3364 ipre
657 3277 796 3339 Herodoti
809 3279 894 3340 verbe
908 3285 992 3356 utque
1005 3276 1152 3336 Strabonis
1169 3276 1250 3339 focile

112 3380 247 3440 evincunt
288 3379 385 3440 Unum
404 3385 512 3438 tentum
529 3381 558 3438 in
581 3378 711 3460 Aegypto
732 3381 938 3442 commemorari
959 3378 1142 3455 labyrinthum
1164 3396 1250 3438 nve-

111 3481 216 3541 teribus
235 3487 309 3542 recte
326 3481 421 3562 posuit
440 3481 540 3560 Zoegn
566 3483 603 3543 de
621 3484 701 3544 obeb.
728 3503 793 3562 peg·
812 3482 875 3548 418
903 3489 962 3542 not.
984 3485 1024 3546 10
1050 3480 1104 3540 hoc
1123 3481 1245 3540 eddem:

108 3585 240 3662 reliquiar
260 3585 319 3645 eim
341 3584 459 3665 primum
480 3584 616 3646 deteriore
632 3585 737 3644 Lucum
755 3605 843 3665 prope
865 3585 998 3646 Moeridis
1019 3582 1108 3642 lucum
1123 3601 1157 3642 eo
1177 3582 1248 3658 loco,

108 3689 156 3764 qui
179 3706 252 3747 nuuc
273 3688 380 3746 dicatur
401 3685 586 3746 xer-caron
606 3689 624 3747 i.
649 3708 675 3748 e.
701 3707 754 3748 ore
774 3687 897 3747 Carum.
945 3686 1019 3746 Num
1042 3683 1157 3745 mutum
1182 3684 1247 3746 olim

107 3790 294 3868 dirceptutum
310 3792 354 3846 ert
375 3786 446 3845 inter
464 3787 537 3846 viror
558 3789 672 3865 doctos,
691 3791 841 3870 labyrinthi
851 3797 941 3850 utrum
956 3787 1011 3847 ulle
1025 3788 1137 3847 omnino
1150 3807 1248 3867 ouper-
1359 3825 1361 3830 ·

108 3891 280 3950 rictrudem
292 3909 346 3949 nec
358 3907 411 3962 ne;
436 3889 490 3948 rid.
504 3891 589 3950 modo
603 3891 689 3952 Bedr.
709 3891 728 3953 l.
742 3893 760 3952 l.
775 3914 804 3973 p.
820 3897 884 3958 722
905 3899 933 3954 et
947 3891 1046 3968 Zoign
1059 3889 1111 3949 ll
1140 3889 1247 3950 Nostro

107 3994 201 4050 eetete
218 3991 372 4050 accuratim
387 3991 415 4050 iu
429 3991 499 4050 heec
510 3993 709 4070 inquisiverunt
722 3995 798 4054 docti
813 3995 887 4054 Gelli
902 3995 921 4055 1.
932 3996 950 4054 l.
967 4011 1032 4073 pag·
1047 3993 1098 4056 ³2.
1130 3990 1245 4053 Minime

108 4091 182 4152 enim
196 4110 231 4149 eo
243 4091 320 4167 loco,
349 4095 396 4153 uhi
415 4093 508 4154 Lumo
528 4095 629 4172 nliique
650 4095 751 4156 rudem
774 4095 923 4173 labyrinthi
942 4095 1080 4154 detexisse
1098 4094 1149 4153 eibi
1166 4093 1245 4154 vide·

106 4194 223 4269 hanon,
244 4193 391 4274 lebyrintbi
403 4194 531 4273 reliquiar
549 4217 613 4258 crue
629 4199 802 4276 qunerendm
824 4198 941 4270 docent,
963 4215 1035 4274 quee
1053 4216 1142 4276 prope
1155 4197 1242 4256 Keor-

106 4293 200 4353 Ceron
221 4296 294 4370 (sive
310 4296 547 4376 Kmsr·Keroun)
567 4300 741 4360 invenientur
753 4301 868 4372 rudem,
892 4318 927 4360 ee
941 4300 977 4358 ed
989 4299 1093 4377 templu
1104 4300 1243 4378 pertinere

105 4415 179 4458 nunc
200 4385 300 4460 dimite.
343 4401 408 4461 Vid
430 4400 551 4463 lomurd.
569 4401 587 4462 l.
601 4401 619 4462 l.
639 4422 705 4484 pag.
725 4405 764 4470 18
775 4423 855 4483 reqq.
877 4401 939 4462 coll.
952 4402 1054 4464 liitter.
1066 4401 1241 4463 Erdlrimd.l
