2990 5228
307 459 517 521 uxcURsus
540 457 578 520 Vl
598 456 651 520 An
674 454 877 520 HERODOT.
896 455 940 532 11,
961 453 1012 520 85.
1179 457 1243 520 909

439 1309 807 1386 nxcuusus
848 1259 903 1388 vi

266 1480 360 1543 ΑΙ)
425 1483 887 1545 HERODOT.
951 1481 1074 1556 ll,85.

186 1859 231 1922 De
243 1863 407 1936 argumento
424 1857 505 1917 huius
516 1857 614 1936 eapitis
629 1864 659 1918 et
674 1858 847 1934 sequentium
862 1858 901 1918 ita
919 1857 1049 1918 dissensit
1070 1855 1201 1918 Creusae.
1212 1858 1243 1916 in

99 1967 260 2024 commentt.
273 1961 400 2021 Herodd.
412 1980 478 2039 pag.
492 1960 533 2026 14
546 1978 625 2038 seqq.
668 2003 687 2035 „
695 1959 790 2018 Fidem
802 1959 934 2020 Herodoti
944 1963 1180 2038 auctoritatemque
1190 1961 1246 2020 hoc

99 2067 129 2125 iu
144 2065 205 2124 loeo
218 2065 258 2122 ita
268 2064 366 2122 definit
378 2063 504 2140 Heynius
517 2063 547 2121 in
560 2060 648 2142 spicil.
662 2069 719 2122 ant.
735 2082 818 2123 mum.
834 2083 864 2142 p.
880 2065 938 2138 78,
960 2069 992 2121 nt
1011 2063 1065 2122 alia
1087 2083 1150 2124 eum
1171 2065 1244 2140 visu,

99 2168 155 2229 alia
175 2172 288 2225 narratu
302 2166 447 2244 accepisse
462 2167 546 2225 dieat.
582 2164 674 2234 Quem
693 2165 833 2224 iudicandi
851 2167 964 2224 modum
982 2167 1090 2226 excedit
1102 2165 1246 2227 Beckerus

99 2273 129 2330 in
141 2267 286 2346 Augusti
307 2272 370 2347 pso
389 2286 465 2344 seq,
485 2285 546 2328 eum
566 2266 740 2327 Herodotum
760 2266 972 2344 Diodorumqoe
988 2275 1075 2344 negat
1096 2267 1158 2346 plus
1175 2271 1246 2329 scire

93 2375 231 2453 potuisse,
254 2388 337 2447 quam
350 2369 424 2445 vulgi
438 2389 488 2430 ore
508 2371 635 2430 fureur.
678 2369 711 2428 In
734 2388 790 2446 qua
808 2370 920 2430 levitate
941 2372 1026 2430 miror
1045 2372 1129 2431 etiam
1151 2371 1248 2449 Roya-

99 2477 172 2535 rium
190 2472 361 2558 deprehendi
373 2473 403 2529 in
416 2472 548 2550 descript.
564 2470 743 2550 del'Egypte
755 2471 876 2532 111de
895 2490 962 2551 pag.
977 2475 1049 2537 908.
1092 2475 1150 2534 Sed
1171 2475 1247 2534 idem

101 2583 196 2636 tamen
210 2573 350 2650 aliquanto
364 2575 471 2632 cautior
482 2575 617 2653 reperitur
630 2574 719 2634 altero
732 2575 794 2635 loeo
813 2593 842 2653 p.
855 2578 927 2640 211.
960 2574 1063 2651 Neque
1075 2579 1169 2636 tamen
1185 2577 1247 2656 ipse

101 2674 333 2746 Blumenhsohius
345 2675 374 2734 in
394 2674 524 2750 symbolis
543 2677 694 2738 vernamlis
712 2677 750 2736 ad
770 2675 866 2736 histor.
879 2681 971 2736 natur.
990 2675 1017 2736 ll
1039 2694 1105 2756 pag·
1120 2681 1180 2743 121
1201 2678 1247 2738 ed.

103 2781 179 2839 alter.
195 2797 252 2837 non
268 2782 385 2835 senatus
397 2783 440 2836 est
454 2781 648 2857 pronuntiare,
673 2798 747 2857 quae
765 2767 866 2840 uoervis
886 2798 979 2838 rerum
997 2780 1114 2858 sen‘ptor
1133 2779 1170 2839 de
1186 2799 1248 2839 mu-

101 2882 162 2940 miis
180 2881 291 2952 hadal,
320 2879 389 2940 haec
411 2900 461 2941 eos
484 2900 541 2940 non
562 2889 622 2944 tam
643 2885 699 2943 suis
718 2884 803 2963 ipsius
821 2880 907 2942 oeulis
928 2899 1095 2960 usurpasse,
1114 2898 1198 2958 quam
1213 2899 1248 2942 ex

103 2983 217 3041 aliorum
234 2983 438 3044 narrationibus
459 2982 592 3044 hausisse.
634 2984 772 3047 Nimirum
788 2983 826 3044 illi
845 2984 897 3043 viri
918 2983 994 3041 docti
1011 2983 1141 3044 iudicium
1167 3004 1248 3044 suum

103 3084 253 3146 dehoram
273 3085 436 3164 scriptorum
454 3083 510 3142 fide
532 3105 697 3164 suspensum
717 3090 858 3158 seeeeant,
878 3083 924 3144 vel
944 3083 1037 3162 potius
1053 3086 1145 3144 heere
1162 3087 1249 3146 dehe-

103 3175 190 3264 hant,
211 3188 247 3248 ab
259 3205 352 3248 earum
364 3185 529 3246 mnmiarum
543 3189 668 3262 ratione,
687 3191 783 3266 quales
796 3186 934 3265 hodieque
948 3204 1001 3265 per
1010 3184 1140 3264 Europae
1151 3205 1249 3248 musea

105 3297 231 3350 servatae
244 3290 425 3370 reperiuntur.
468 3284 507 3345 At
519 3306 585 3346 vero
607 3289 751 3350 advertere
766 3311 818 3350 nos
839 3289 925 3350 dehet
945 3287 1183 3364 intelligentissimi
1203 3288 1248 3348 lo-
1270 3347 1273 3352 .

105 3392 194 3452 mardi
207 3392 361 3476 sententia,
383 3409 466 3468 quam
478 3389 523 3450 ille
537 3388 718 3469 pronuntiare
734 3409 792 3449 non
807 3391 956 3459 dubitatio
971 3391 1059 3450 deser.
1072 3391 1109 3452 de
1126 3389 1249 3470 l’Egypt.

103 3496 211 3572 antiqq.
226 3493 253 3552 ΙΙ
268 3513 296 3572 p·
312 3493 392 3564 3483
413 3511 475 3550 eum
487 3493 569 3567 dicit,
590 3497 657 3550 ante
677 3492 881 3570 expeditionem
894 3490 1140 3568 Francogsllorum
1153 3491 1250 3569 Aegy·

103 3599 191 3677 ptiam
206 3596 310 3655 nemini
324 3599 449 3654 accurate
470 3595 611 3670 cognitam
629 3593 717 3654 fuisse
736 3593 952 3655 eondiendorum
968 3594 1131 3653 cadaverum
1150 3601 1248 3666 artem,

105 3717 179 3776 quae
195 3699 271 3777 apud
285 3703 393 3756 veteres
408 3693 564 3773 Aegyptios
583 3695 715 3756 floruerit.
758 3695 797 3755 Et
814 3695 911 3757 reveri
929 3694 1065 3773 quidquid
1086 3697 1249 3755 nuntiarum

104 3800 258 3879 Europaeis
272 3797 427 3858 hominibus
443 3797 534 3856 adhue
545 3798 656 3857 obvium
670 3799 776 3872 fuerat,
798 3799 829 3856 id
846 3817 929 3858 omne
947 3799 1008 3857 tera
1029 3816 1063 3857 ex
1078 3796 1249 3876 Memphitiei

104 3901 166 3978 agei
182 3902 282 3960 finibus
297 3901 488 3978 Sacsaraeque
503 3905 613 3959 erutum
632 3901 732 3958 tuerat.
761 3900 868 3959 Contra
880 3899 1041 3960 Herodotus
1052 3897 1249 3976 Diodomsque

105 4003 259 4064 Thebaidis
272 4003 422 4064 hooolnruno
435 4001 603 4082 opulentiam
614 4007 642 4062 et
654 4006 819 4080 apparatum
831 4001 949 4062 maxims
962 4000 1116 4079 respexisse
1133 4001 1250 4081 putandi

106 4111 179 4164 sunt.

193 4203 260 4266 Non
278 4207 366 4265 maior
381 4207 550 4266 eruditorum
569 4203 709 4264 hommum
727 4223 877 4264 consensus
897 4204 927 4264 in
947 4202 1116 4281 explorandis
1137 4206 1241 4264 caussis

109 4307 334 4387 qooetsgypaoo
347 4310 548 4382 oomoaoosriot,
568 4310 600 4364 ost
616 4311 672 4364 toas
688 4325 791 4384 operose
811 4303 946 4366 conditast
965 4305 1150 4384 defimctosuoo
1166 4305 1249 4366 codo·

107 4430 181 4470 varo.
225 4408 300 4469 Nam
312 4410 431 4489 primum
442 4408 569 4488 Heynius
583 4408 601 4468 Ι.
613 4408 632 4468 l.
646 4429 674 4489 p.
686 4409 728 4475 76
743 4408 836 4488 plures
849 4409 908 4470 eius
920 4409 1037 4470 instituti
1054 4425 1167 4468 caussas
1182 4428 1250 4468 anu·
