2990 5228
450 449 840 512 EUTERPM.
1049 449 1114 514 845

12 623 32 680 i·
160 617 284 686 τιέουσα
304 615 339 684 δὲ
362 615 399 684 ἐν
421 621 547 685 Βουτοῖ
565 615 660 698 πόλι,
696 615 751 683 ἵνα
777 611 819 701 δή
846 614 881 681 οἱ
908 611 947 681 τδ
973 612 1112 700 χρηστή·
1140 655 1142 666 .

161 761 239 821 ριον
268 732 366 804 τοῦτό
392 734 477 819 ἐστι,
509 733 698 803 Ἀπόλλωνα
724 731 813 818 παρὰ
834 730 935 811 Ἴσιος
962 754 1112 815 παραπα-

158 852 311 943 ταθήιιην
332 853 507 941 δεξαμένη,
526 853 660 922 διέσωσε
680 849 922 939 κατακρύψασα
938 850 974 918 ἐν
989 856 1029 938 τῇ
1044 857 1129 918 odoi

157 981 274 1063 πλωτῇ
294 970 453 1061 λεγομένη
475 969 581 1063 νήσῳ·
615 972 669 1040 ὅτε
691 971 732 1059 δή
753 970 791 1039 od
813 977 882 1038 πᾶν
903 968 1072 1056 διζήμενος
1093 970 1111 1036 ὁ

161 1092 289 1180 Τυφῶν
315 1091 451 1178 ἐπῆλθε,
484 1094 592 1160 θέλων
620 1090 763 1175 ἐξευρεῖν
790 1095 851 1160 τοῦ
881 1087 1024 1176 Ὀσίριος
1051 1089 1111 1158 τδν

12 1231 24 1294 g
137 1217 273 1282 οποῐδα.
316 1212 503 1280 Ἀπόλλωνα
525 1213 577 1292 δὲ,
598 1212 655 1278 καὶ
672 1208 843 1296 Ἀρτεμιν,
867 1209 1039 1278 Διονύσου
1055 1209 1113 1278 καὶ

151 1332 252 1413 Ἴσιος
279 1333 414 1420 λέγουσι
440 1328 526 1400 εἶναι
557 1335 693 1411 παῖδας·
736 1335 871 1416 Λητοῦν
899 1328 951 1410 δὲ,
983 1327 1112 1416 τροφὸν

7 1481 17 1560 'r'
138 1451 295 1521 Ὶαῦτοῖσι
328 1454 386 1521 καὶ
423 1448 587 1537 σιδτειραν
617 1450 781 1538 γενέσθαι.
836 1450 1030 1533 Αἰγυπτιστὶ
1071 1448 1132 1516 δἐ5

155 1569 320 1638 Ἁπόλλων
342 1570 419 1657 μὲν,
446 1563 583 1659 'illios‘
609 1568 767 1658 Δημήτηρ
790 1569 842 1644 δὲ,
866 1565 963 1646 Ἲσις·
995 1565 1108 1652 Ἀρτε-
1184 1632 1187 1641 ,

163 1713 219 1774 μις
245 1689 298 1768 δὲ,
323 1689 517 1777 Βούβαστις.
561 1689 598 1758 ἐκ
621 1687 741 1758 τοῦτον
771 1688 806 1757 δὲ
832 1691 894 1755 τοῦ
925 1685 1027 1773 λόγου
1053 1685 1110 1754 καὶ

163 1805 303 1886 ον’δενδς
329 1806 453 1892 ἄλλον,
495 1808 661 1896 Αἰσχύλος
691 1808 710 1878 ὁ
737 1806 958 1894 Εὐφορίωνος
984 1805 1110 1893 ήρπασε

157 1927 195 1998 τὸ
218 1926 283 2016 ἐγω
306 1925 442 2015 φράσω,
470 1936 598 2018 μοῦνος
618 1928 659 2017 δή
679 1927 840 2016 ποιητέων
860 1929 927 1994 νῦν
947 1948 1108 2014 προμενο-
1151 1935 1209 1998 181

158 2197 330 2306 Ἀπδλλωνα
361 2275 404 2287 -
441 2239 607 2320 δεξαμένη]
660 2259 709 2301 cae
739 2241 881 2301 doetrinae
913 2241 1014 2300 indicia
1038 2239 1152 2314 lateant,

2 2371 12 2408 5
113 2330 261 2408 Apollinem
283 2328 413 2403 intelligit
433 2327 552 2403 Ηοωιπ,
574 2329 610 2388 de
659 2328 800 2402 attigimus
817 2345 901 2403 supra
920 2325 1153 2400 ad11,187fin.

1 2454 10 2491 ‚-
115 2433 172 2490 quo
182 2415 239 2474 vid.
253 2422 311 2474 not.
328 2415 366 2473 ad
378 2413 420 2488 ll,
438 2413 508 2477 144.
702 2415 815 2490 μοῦνος
842 2406 881 2489 δή
908 2409 1058 2489 ποιητέων
1091 2413 1152 2471 τῦν

659 2493 901 2580 προγενομένων]
930 2497 1015 2566 Quod
1029 2495 1153 2571 Aeschy-

1 2623 2 2642 r
132 2575 207 2644 ’διε
230 2577 267 2660 δή
287 2578 320 2644 τδ
346 2585 409 2643 πᾶν
430 2573 607 2661 διζήμενος]
658 2582 715 2641 lum
737 2583 897 2642 Herodotus
926 2581 1151 2660 appellatorium

115 2662 172 2746 δή,
204 2671 281 2744 quod
302 2668 385 2744 vidgo
414 2669 519 2740 abest,
548 2687 609 2726 cum
658 2671 735 2728 reio
763 2664 1083 2748 προγενομένων,
1117 2685 1152 2724 eo

115 2753 205 2812 Gaios.
228 2754 403 2812 restituimus.
461 2753 543 2822 Quae
564 2771 610 2810 oe·
660 2753 727 2811 sotis
742 2753 873 2812 declarari
888 2758 969 2831 putot
984 2750 1150 2811 Dohlmann.

113 2845 249 2914 quuntur,
264 2839 350 2897 lucem
365 2839 502 2916 accipiunt
515 2857 549 2897 ex
563 2838 607 2909 iis,
659 2837 766 2897 Herod.
780 2859 846 2917 pig.
861 2843 901 2902 21
915 2857 974 2914 seq.
994 2837 1064 2895 falso
1078 2855 1150 2910 esse,

114 2942 187 2999 quoe
207 2925 244 2981 de
266 2924 378 2982 Osiride
390 2957 433 2967 —
452 2923 562 2981 Boetho
579 2929 610 2980 et
660 2942 732 2999 quae
746 2924 782 2982 de
796 2924 949 2982 Herodotei
963 2923 1056 2999 operio
1069 2939 1151 2998 proe-

112 3007 346 3066 Iside-Cerere
356 3007 557 3084 disputavimus
571 3007 610 3065 ad
659 3007 778 3066 lectione
798 3008 935 3085 Olympiis
953 3009 1026 3064 sacto
1045 3025 1070 3063 a.
1086 3005 1150 3070 456

113 3090 158 3166 ll,
174 3092 224 3157 42.
239 3091 289 3156 50.
305 3093 375 3156 187.
391 3091 461 3156 144·
663 3100 729 3151 ante
743 3093 810 3151 Chr.
824 3091 905 3167 vulgo
920 3091 1075 3162 tradantur,
1089 3109 1149 3148 cum

187 3175 193 3186 ’
410 3201 413 3206 ·
662 3197 696 3236 eo
715 3177 777 3256 ipso
803 3197 876 3236 anno
896 3183 1018 3236 mortuus
1037 3175 1072 3232 sit
1091 3172 1150 3233 Ae-

157 3251 610 3342 ΑῑσχῦλοςδΕῦφορίωνοςήρ.
660 3261 786 3338 odylus,
808 3281 889 3339 quem
903 3261 1079 3330 Herodotus,
1101 3259 1150 3335 qui

114 3341 211 3420 πασε]
240 3345 346 3403 Eadem
366 3347 479 3405 tradunt
504 3346 609 3406 Pausa·
659 3347 721 3426 ipse
734 3356 814 3406 notus
829 3355 887 3406 erot
899 3346 961 3411 484
984 3363 1010 3402 a.
1027 3344 1093 3402 Chr.
1109 3362 1149 3418 ο.,

112 3430 176 3488 nias
198 3429 277 3502 Vlll‚
298 3431 341 3492 87
366 3427 393 3508 §
407 3432 436 3495 3·
482 3431 608 3491 Macrob.
658 3433 770 3493 minime
781 3435 924 3512 poetarum
935 3433 996 3490 νῦν
1008 3449 1150 3508 προγενο-

56 3557 61 3566 .
111 3515 226 3572 Saturn.
251 3514 279 3586 l,
300 3517 349 3578 18.
382 3516 444 3574 Nee
464 3517 518 3576 alio
543 3537 608 3596 ope-
658 3516 758 3597 μένων
769 3539 852 3576 unum
866 3516 1006 3594 appellere
1019 3515 1150 3592 potuerit.

113 3607 208 3670 stent,
222 3619 295 3676 quae
311 3599 395 3675 vulgo
409 3610 554 3660 nouantur
570 3605 607 3662 de
658 3605 717 3662 Sed
733 3605 861 3680 equidem
876 3621 932 3661 non
948 3599 1082 3676 intelligo,
1101 3618 1151 3656 our

112 3683 247 3760 Aeschylo
266 3685 396 3759 mysteria
420 3688 557 3763 prodente
579 3697 607 3747 et
657 3687 789 3746 historiae
802 3695 882 3766 pater
895 3686 1067 3760 Aeschylum,
1081 3683 1150 3742 mul-
1208 3749 1212 3758 Ι

111 3769 142 3826 in
155 3770 281 3828 iudicium
293 3770 359 3828 inde
373 3778 488 3842 vocat03
501 3773 537 3832 de
550 3791 607 3848 qua
657 3778 687 3830 to
702 3781 776 3832 certe
789 3773 919 3831 maiorem
937 3779 1021 3844 notu,
1044 3771 1084 3828 ita
1097 3788 1149 3848 op-

110 3873 143 3912 re
158 3854 212 3912 vid.
233 3853 302 3914 Zell.
322 3857 359 3912 ad
380 3855 517 3915 Aristotel.
541 3857 606 3916 Eth.
656 3855 761 3934 pellere
774 3857 848 3918 haud
862 3857 999 3934 potuerit,
1021 3873 1148 3935 praeser-

109 3939 150 3996 οδ
157 3939 316 3999 Nicomooh.
330 3939 408 4012 lll‚1
427 3937 455 4019 §.
468 3947 505 4004 17
518 3961 545 4018 p.
554 3945 606 4016 86,
656 3941 704 3998 tim
730 3943 754 3999 si
778 3947 950 4022 reputemus,
978 3941 1052 4000 haud
1077 3940 1150 3998 inte·

110 4025 187 4082 cuius
205 4024 276 4084 bene
288 4026 394 4084 mehoor
408 4028 460 4084 suit
474 4026 604 4084 Creuzer.
656 4045 734 4102 grum
754 4045 824 4104 opos
845 4027 980 4104 Olympiis
1002 4025 1148 4084 recitatum

109 4109 141 4166 in
159 4109 283 4186 Symbol.
305 4109 345 4168 lv
361 4130 389 4188 p.
407 4111 479 4176 517.
528 4108 603 4170 Add.
654 4112 740 4171 luisse
758 4112 871 4185 videri,
906 4109 1048 4185 multaque
1063 4110 1148 4166 etiam

108 4193 215 4272 Haupt.
247 4195 276 4252 in
312 4201 430 4271 quaesto
467 4193 603 4270 Aeschyll.
654 4197 720 4255 addi
735 4196 901 4276 potuissent)
912 4195 1040 4254 historico
1049 4197 1147 4270 posteo

108 4278 263 4356 specim.ll
286 4277 603 4359 (Lipo.1829)eop.V
654 4282 762 4359 saepius
792 4299 863 4358 opus
890 4297 969 4338 soum
995 4277 1146 4354 relegente.

108 4383 138 4440 p·
155 4367 326 4428 97-100.
358 4363 451 4442 Ipsum
467 4382 533 4422 vero
547 4365 604 4425 Ae·
653 4363 700 4424 Tor
721 4367 777 4424 vid.
802 4365 898 4443 hleyse
925 4371 1043 4441 quoestt
1063 4363 1145 4424 Hert.

107 4446 196 4524 schyli
209 4448 328 4520 dietum,
340 4449 368 4506 in
385 4468 442 4526 quo
451 4447 604 4528 Aegyptio·
651 4467 717 4528 pag.
731 4450 781 4516 42.
