3002 5178
422 435 488 500 542
714 427 1074 494 HERODOTI

384 597 518 688 Ιοεὴῑον
534 595 619 677 Διός
638 595 822 683 κατέστηκε.
844 592 1078 682 στρατεύονται
1100 589 1139 662 d'
1155 550 1255 662 ύκεον
1275 609 1374 681 σφεας

426 717 545 798 diteris
567 709 665 798 οὗτος
685 713 802 804 κελεύῃ
825 715 882 785 did
902 711 1152 802 θεσπισμάτων·
1180 715 1254 794 καΙ,
1273 719 1315 803 τῇ
1336 713 1377 782 όν

333 839 385 910 30
425 835 559 927 κελεύῃ,
583 837 692 906 ἐκεῖσε.
733 834 812 905 'find
832 837 867 905 δὲ
893 833 1014 926 ταύτης
1041 841 1101 924 τῆς
1120 833 1236 914 πόλιος
1255 835 1376 914 πλέον,

175 936 249 1032 iiiia
264 935 384 1040 iiiiii:
426 958 462 1027 ἐν
483 959 544 1046 Ισῳ
566 955 677 1045 χρόνῳ
700 956 787 1049 ἄλλῳ
808 953 896 1044 ἥξεις
923 956 956 1036 ἐς
980 955 1062 1036 τούς
1082 951 1316 1040 Αύτομόλους,
1346 953 1416 1022 ἕντο

176 1039 214 1094 qut
227 1051 240 1082 a
253 1037 364 1080 Psammet
374 1059 384 1068 ·

178 1089 255 1132 etot·
269 1037 385 1143 tetdoni-
426 1077 494 1166 ὅσῳ
515 1099 575 1164 περ
597 1077 630 1158 ἐξ
652 1073 885 1164 Ἐλεφαντίνης
907 1069 1008 1164 ἦλθες
1034 1075 1068 1157 ἐς
1094 1073 1157 1162 τήν
1175 1071 1380 1162 μητρόπολιν

176 1151 212 1183 sm
255 1138 343 1180 trsostn

176 1149 385 1296 {iffssjfflss'flssifi
405 1195 489 1286 λτὴν
508 1197 694 1268 Αἰθιόπων.
731 1202 820 1266 τοῖσι
839 1195 876 1265 di
905 1194 1128 1287 Αύτομόλοισι
1152 1195 1301 1266 τούτοισι
1319 1193 1379 1265 οὔ·
1472 1191 1473 1266 J

381 1547 437 1607 isse
450 1547 517 1606 satis
529 1543 710 1626 comprobant
720 1541 877 1623 anaglypha
926 1563 1003 1620 mos,
1023 1563 1086 1605 enm
1107 1544 1163 1606 tate
1181 1549 1362 1621 argumentum
1378 1541 1418 1600 ab

382 1639 468 1710 atque
481 1631 625 1707 imagines,
645 1631 746 1708 quibus
760 1629 878 1708 templo·
926 1630 1072 1690 Herodoto
1085 1631 1253 1709 erptinando,
1262 1631 1416 1707 inqnonno

382 1737 444 1777 rum
458 1718 557 1776 rudera
570 1717 674 1776 referta
686 1735 747 1775 esse
759 1716 878 1774 clamant
926 1735 998 1775 none
1012 1734 1172 1791 versamur,
1199 1715 1315 1775 alienum
1332 1712 1416 1771 rideri

382 1804 603 1883 peregrinatores
622 1801 818 1872 recentissimi,
840 1801 876 1859 ab
926 1807 1019 1878 queat.
1049 1801 1114 1860 Vrd.
1136 1809 1230 1860 tamen
1246 1800 1416 1860 Henrietasen

383 1887 523 1949 Heerenio
543 1888 617 1946 nitati
634 1884 682 1944 Ι.Ι.
725 1883 800 1944 Νοιο
815 1887 877 1944 uni-
926 1888 964 1946 de
994 1887 1123 1946 Phoenic.
1152 1893 1313 1946 eommentt.
1344 1884 1417 1944 stes.

313 2041 316 2056 ι
381 1993 490 2033 versum
505 1971 703 2050 Aegyptiorum
722 1971 822 2030 cultum
842 1971 877 2029 it·
925 1992 955 2053 p.
971 1977 992 2039 8
1006 1971 1113 2048 (Hom.
1128 1971 1236 2045 182⁷).

381 2059 525 2135 torumque
538 2059 652 2117 deornm
668 2075 745 2115 sacra
756 2058 819 2115 hine
830 2075 876 2117 re-

381 2145 503 2222 petenda
520 2161 597 2216 esse,
618 2141 672 2201 iam
687 2143 810 2200 nemoin
824 2143 876 2201 dn-
1076 2185 1123 2244 ca
1178 2181 1264 2243 XXX

381 2227 876 2306 biumvoenrepoterit.Quareetinm
1128 2203 1157 2263 μ
1265 2226 1275 2242 ”

381 2315 457 2391 qnod
472 2313 612 2372 Ammonis
625 2311 727 2388 tempto
736 2311 877 2388 (quodin-
968 2317 1047 2374 τοῖσι
1059 2303 1418 2387 δΙΑύτομόλοισιτούτοι-

381 2399 529 2456 terminas
543 2397 601 2456 illas
608 2397 762 2456 Heerenius
771 2399 822 2457 sibi
833 2399 877 2454 in·
927 2415 958 2460 σε
973 2390 1092 2477 ούνομύ
1106 2395 1166 2458 ἔστι
1178 2389 1311 2474 Ἀσμάχ]
1333 2395 1418 2456 Nemo

382 2484 491 2542 venisse
507 2483 626 2554 videtur,
652 2479 671 2538 l.
690 2479 707 2540 Ι.
729 2501 794 2559 pag.
813 2482 876 2546 416
926 2484 1014 2543 nescit
1026 2503 1095 2542 νοτε
1109 2475 1296 2560 Αύτομόλοιν
1309 2479 1419 2539 indicari

382 2587 461 2644 seqq.
483 2571 545 2634 420
563 2565 661 2643 seqq.)
683 2566 803 2626 iunctum
825 2568 877 2626 soit
926 2569 1105 2646 transsognr;
1133 2567 1229 2642 quales
1246 2565 1346 2626 fuerint
1366 2565 1421 2624 Ae·

382 2651 535 2725 orandum,
556 2669 657 2729 parens
669 2651 876 2727 quodammodo
927 2655 1084 2732 gyptiorum
1102 2651 1220 2726 milites,
1250 2652 1297 2729 qni
1313 2651 1350 2708 ad
1363 2649 1417 2709 Ae·

381 2735 547 2812 reliquorum
564 2755 615 2815 per
634 2735 793 2816 Aegyptum
813 2755 877 2796 ora-
926 2739 1035 2838 thiopes
1051 2743 1230 2799 secesserant.
1251 2737 1352 2796 Vocem
1373 2729 1418 2795 ’A-

382 2821 503 2880 eniorum
517 2821 612 2880 haberi
625 2823 738 2900 poterit,
760 2841 877 2900 qnorum
928 2841 1025 2902 σμαχ,
1046 2825 1120 2883 euius
1141 2821 1205 2883 Ιοεο
1227 2822 1285 2882 libri
1306 2821 1418 2898 qnidam

382 2907 517 2982 originem
536 2907 573 2964 ad
586 2907 698 2966 entonos
713 2907 781 2966 istos
797 2928 887 2970 reso,
924 2901 1052 2988 Ἀσχύμ,
1080 2907 1123 2966 οΙίἰ
1147 2927 1182 2967 ex
1203 2907 1356 2979 Hebraicis,
1376 2905 1417 2964 atii

381 2993 485 3052 caveris
504 2990 585 3066 lieet,
605 2992 652 3069 qui
673 3013 707 3054 ex
729 2993 876 3074 Aethiopia
927 2994 982 3053 alia
1000 3015 1034 3055 ex
1046 2994 1140 3068 lingua
1154 2995 1292 3072 exptionre
1307 2991 1418 3050 ςλιιιΙοε-

380 3077 410 3137 in
424 3077 544 3156 Aegypti
562 3078 690 3154 regiones
709 3077 820 3138 demissi
838 3080 875 3137 ad
924 3085 997 3138 runt.
1026 3078 1055 3136 Si
1068 3077 1123 3135 nna
1142 3075 1419 3152 titeraanditttege-

381 3171 526 3240 utramque
548 3162 605 3223 Nili
626 3165 714 3242 ripam
742 3165 877 3226 consede-
924 3171 999 3224 netur
1015 3154 1163 3240 Σασμύχ,
1197 3165 1225 3222 Ιό
1247 3161 1418 3220 iablonskins

382 3249 446 3308 rint.
468 3250 534 3318 Quo
549 3267 582 3308 ea
595 3249 711 3322 docere,
733 3269 804 3327 quae
815 3250 876 3308 He·
925 3249 1050 3327 exptioari
1072 3267 1161 3327 posse
1180 3253 1258 3328 pntat
1275 3263 1309 3305 er
1323 3245 1419 3323 Aegy-

380 3336 496 3392 rodotns
510 3332 547 3392 de
561 3333 595 3391 iis
616 3353 680 3391 mox
696 3335 803 3410 tradat,
827 3334 874 3411 qni
924 3336 1013 3414 ptiaco
1027 3333 1137 3392 somer
1150 3339 1196 3392 ant
1210 3329 1334 3404 Sonot,
1343 3331 1418 3408 qnod

382 3418 553 3477 oraculorum
565 3417 640 3476 iussu
654 3420 690 3477 ad
706 3418 774 3477 bella
789 3420 876 3497 proti·
925 3421 1039 3478 denotet
1058 3418 1150 3498 plenos
1163 3417 1308 3493 ignominia
1327 3422 1355 3474 et
1374 3417 1418 3475 de-

381 3501 531 3576 eiscnntnr,
560 3503 635 3562 idem
660 3508 740 3560 notat
767 3503 875 3563 Heere·
923 3510 1031 3584 specta3
1062 3505 1085 3564 si
1103 3504 1236 3580 tegeretur
1253 3494 1419 3580 Ἀσασμοὶχ,

380 3585 449 3642 nius.
479 3585 554 3644 Nam
572 3588 638 3645 ratis
660 3587 800 3662 cognitum
821 3593 874 3662 est,
923 3591 1103 3669 compositam
1117 3585 1198 3645 rideri
1212 3603 1322 3658 vorens,
1345 3604 1419 3665 qnae

379 3669 502 3728 ootonias
515 3677 636 3730 vetemm
655 3670 729 3728 haud
753 3691 815 3732 raro
836 3673 872 3731 ab
923 3676 1038 3735 denotet
1051 3674 1355 3746 odnirr'rtroraatonter,
1371 3674 1418 3732 be-

380 3753 872 3836 oracntisexireiussasesse3quibns
922 3779 1015 3836 neque
1035 3757 1174 3819 oonaeniat
1199 3757 1251 3831 iis,
1280 3775 1354 3834 qnos
1373 3757 1417 3816 alii

379 3839 494 3898 oramlis
509 3857 569 3898 eum
589 3841 746 3902 saoerdotes
759 3861 872 3920 praees·
922 3845 1068 3924 scriptores
1076 3841 1218 3922 appellent
1226 3835 1417 3919 εύοιννμλτας.

379 3930 457 3996 sent,
485 3924 559 3982 haud
579 3925 691 4001 minim,
721 3925 781 3984 illos
797 3926 873 3986 nolo-
922 3929 968 3988 Ad
981 3931 1170 3990 Herodoteam
1187 3928 1260 3986 vocis
1279 3927 1416 4004 interpre-

378 4009 484 4066 niarnm
498 4014 527 4068 et
540 4017 665 4071 sudores
676 4018 703 4070 et
711 4011 794 4071 doces
808 4032 872 4092 per-
922 4015 1055 4074 tationem
1070 4013 1192 4092 inprimis
1205 4009 1414 4070 faeitDiodonrs

378 4092 473 4152 hiberi.
503 4093 586 4154 Gonf.
602 4097 683 4156 etiam
695 4095 811 4158 Diodor.
826 4099 872 4155 Si-
923 4097 945 4172 1,
960 4103 1010 4164 67.
1034 4101 1105 4159 Cum
1120 4099 1189 4157 enim
1200 4113 1265 4168 rex,
1287 4101 1413 4174 suseeptn

378 4177 431 4236 ent
448 4177 498 4252 ΙΙΙ,
511 4181 541 4244 8.
551 4183 580 4245 6.
603 4181 660 4249 Qui
673 4199 706 4240 ex
717 4181 795 4242 india
803 4183 871 4243 iraee
922 4185 952 4242 in
967 4186 1076 4260 Syriam
1090 4181 1277 4260 expeditione,
1295 4179 1413 4258 peregri·

377 4264 469 4322 omnia
486 4267 574 4342 repeti
591 4265 694 4340 volunt,
712 4269 754 4326 eoi
771 4275 800 4328 et
814 4267 872 4327 Ae·
920 4287 973 4326 nos
988 4269 1088 4328 milites
1099 4268 1262 4347 praeterens
1275 4265 1305 4322 in
1320 4265 1412 4326 dem

377 4347 483 4427 thiopia
495 4357 523 4408 et
533 4351 678 4429 Aegyptos
691 4371 767 4411 saera
779 4371 829 4411 sue
837 4372 871 4412 ao
920 4353 988 4413 aciei
1001 4361 1084 4434 perte
1095 4351 1250 4424 ootlooaret,
1264 4349 1410 4429 Aegyptios

377 4433 481 4514 tempta
494 4435 611 4524 debent,
632 4455 681 4496 eos
695 4455 769 4498 nnnc
786 4439 870 4499 mitti·
919 4455 986 4496 vero
1001 4439 1030 4495 in
1051 4439 1180 4514 sinetis,
1200 4435 1332 4515 Aegyptii
1345 4433 1409 4492 indi-
