3012 5182
474 402 795 465 EUTERPE.
833 403 869 464 ll.
1076 407 1141 470 668

153 567 401 652 Ξδαιμονῖοισι.
455 569 489 635 οῖ
515 567 672 651 νεώτεροι
702 565 814 635 αὐτοῖν
844 573 931 635 τοῖσι
958 566 1136 656 πρεσβυτέ-

183 704 275 772 ροισι
298 684 593 774 συντυγχάνοντες,
616 688 743 754 εἴκουσι
764 693 821 773 τῆς
842 683 926 755 ὁδοῦ
940 687 995 756 καλ
1017 686 1136 770 ἐκτρύ-

156 807 396 874 attentaverat
419 807 566 888 ἐπιοῦσι,
590 807 623 887 ἐξ
643 805 741 890 ἕδρης
761 803 1004 875 ὑπανιστέαται.
1053 805 1139 876 Τόδε
1183 807 1243 876 111

183 924 295 1011 μέντοι
323 924 450 994 ἄλλοισι
486 921 649 1010 Ἑλλήνων
685 923 862 1011 οὐδαμοῖσι
892 926 1179 1014 σομφέρονται·85

182 1041 255 1110 α’ντλ
277 1049 339 1112 τοῦ
368 1043 628 1130 προσαγορεύειν
657 1041 819 1132 ἀλλήλους
852 1046 888 1114 ἐν
914 1053 990 1134 τῇσι
1017 1043 1136 1128 ὁδοῖσι,

183 1163 429 1248 προσκυνέουσι
459 1166 623 1246 κατιέντες
663 1163 758 1252 μέχρι
789 1170 850 1232 τοῦ
884 1162 1048 1252 γούνατος
1075 1163 1137 1254 τὴν

76 1302 135 1373 81
184 1290 285 1370 χεῖρα.
327 1280 537 1352 Ἐνδεδύκασι
568 1285 603 1353 δὲ
632 1290 779 1364 κιδοῖνας
807 1282 954 1368 λινέους,
989 1284 1064 1371 περὶ
1093 1283 1134 1352 τὰ
1174 1291 1386 1388 ssffffllffigg

1173 1399 1250 1438 vute·
1265 1395 1384 1451 profanae.

140 1593 240 1670 seling.
253 1595 289 1652 ad
303 1595 331 1653 h.
347 1593 364 1652 l.
380 1627 420 1638 -
436 1595 467 1652 ln
477 1615 555 1672 seqq.
567 1595 633 1653 seri·
682 1615 739 1654 non
776 1576 970 1673 praetermisso
1007 1595 1117 1654 Stnrzio
1150 1597 1178 1654 iu

140 1678 188 1757 psi
202 1698 264 1737 cum
276 1679 365 1738 Gaias.
383 1673 482 1742 αύτοῐν
503 1700 555 1760 pro
579 1673 632 1741 αύ-
682 1680 761 1740 lexic.
781 1680 958 1758 Xenophout.
972 1680 1010 1740 lll
1027 1701 1091 1757 pag.
1104 1685 1176 1746 726.

141 1760 230 1824 τέων.
682 1766 764 1826 Conf.
781 1783 866 1844 supra
888 1764 917 1839 l,
937 1765 1006 1830 134.
1028 1765 1068 1838 ll,
1086 1770 1155 1832 121.

185 1847 300 1908 εἴκουσι
316 1842 630 1930 τῆρδδοῦκαὶέιιτρύ-
807 1892 832 1949 c
918 1890 1039 1950 LXXXI

137 1931 267 2011 πονται]
290 1933 334 1993 De
349 1939 485 1992 stnrctura
504 1937 630 1994 conseras
839 1910 892 1968 η’
1041 1936 1048 1950 ”

137 2018 274 2078 Matthiae
297 2019 347 2076 Gr.
372 2019 422 2076 Gr.
444 2015 472 2096 §.
497 2019 579 2094 354,
603 2020 630 2080 δ.
724 2011 900 2080 ἐνδεδύκασι
921 2013 954 2080 δὲ
974 2021 1112 2092 κιθοῖνας
1133 2022 1176 2080 λι-

135 2103 222 2162 Plura
237 2103 405 2162 Valckenar.
425 2103 532 2162 adhl.
562 2105 632 2164 lnde
682 2097 788 2180 νέους]
812 2103 895 2162 Cous.
909 2103 980 2176 adl,
997 2105 1174 2178 195.11,37.

136 2189 269 2265 frequens
282 2187 439 2246 Pausaniae
449 2187 516 2246 haee
529 2192 633 2252 sormu-
684 2187 821 2246 Calasirin
836 2194 959 2263 vestem,
981 2207 1065 2265 quarn
1082 2187 1177 2266 Aegy·

136 2273 182 2347 la,
211 2279 324 2331 notante
350 2270 453 2330 Siebel
477 2273 515 2330 ad
541 2273 570 2347 1,
591 2273 632 2340 44
681 2274 732 2352 ptii
760 2273 913 2348 vocabant,
947 2274 1068 2332 tunicam
1090 2276 1177 2336 fuisse

141 2354 171 2435 §.
184 2363 213 2422 2.
256 2357 301 2416 De
317 2359 404 2416 sonna
419 2353 632 2421 ὑπανιστέαται
682 2357 840 2416 interiorem
851 2358 1024 2436 perspicuum
1039 2366 1091 2432 est,
1103 2380 1177 2437 quae

139 2443 195 2500 vid.
210 2441 346 2500 Matthiae
359 2442 377 2499 l
390 2441 421 2524 1.,
431 2461 498 2520 pag.
513 2441 584 2508 409.
682 2442 773 2520 ipsum
787 2449 1001 2520 tegeretcorpus
1011 2445 1174 2518 ,interulam

181 2520 249 2588 τόδε
270 2523 371 2604 μέντοι
391 2523 506 2588 ἄλλοισι
532 2523 633 2608 Ἑλλή.
684 2529 742 2587 aire
755 2527 929 2602 subuculam,
941 2547 1013 2605 qnae
1029 2530 1099 2588 eirea
1113 2550 1174 2590 eru-

139 2635 204 2674 ντον
226 2604 388 2691 ου’δαμοῖσι
410 2609 630 2692 συμφέρονται]
683 2631 715 2670 ra
735 2613 870 2671 fimbriata
890 2619 997 2672 enatet
1017 2616 1055 2673 ad
1081 2632 1173 2689 genua

136 2697 300 2774 Elegantem
314 2698 387 2756 vocis
400 2694 574 2770 h'ltoeusum
583 2699 634 2758 ali-
684 2703 791 2756 tantum
807 2699 985 2776 pertingeret.
1027 2698 1111 2766 Quod
1124 2719 1174 2758 vo-

136 2791 206 2861 quot
228 2783 362 2862 exemplis
384 2783 543 2858 illustravit,
571 2804 631 2844 mo-
683 2782 721 2840 eis
733 2783 819 2862 ipsius
832 2785 910 2859 origo
923 2783 1086 2843 confirmare
1097 2785 1174 2844 vitle-

135 2874 221 2928 nente
243 2868 311 2942 Cn,
332 2867 479 2927 Heindorf.
501 2869 538 2926 nd
565 2868 632 2929 Pla-
679 2873 740 2941 tur,
762 2869 784 2926 si
803 2870 916 2944 quidem
932 2867 1001 2926 Koli
1017 2889 1039 2926 s.
1051 2867 1116 2928 Keli
1131 2871 1174 2928 in·

135 2961 196 3012 ton.
218 2951 359 3011 Phaedon.
384 2973 452 3030 pag.
478 2949 558 3026 234,
587 2954 631 3014 cui
681 2951 852 3029 dientgm,
868 2972 945 3026 crue,
968 2953 1107 3030 vestisque
1121 2953 1173 3030 igi-

135 3037 214 3096 adde
224 3037 260 3094 sis
272 3035 374 3096 hstium
388 3037 426 3096 ad
434 3036 630 3097 Platl'haerlr.
680 3041 724 3095 tur
752 3037 903 3112 inlinatur,
932 3055 1006 3113 quae
1035 3039 1072 3095 ad
1094 3057 1174 3098 erurn

134 3139 206 3202 pag·
227 3119 314 3194 241,
340 3123 386 3196 qui
408 3123 573 3182 adieetirunr
600 3125 629 3184 in
679 3141 768 3205 usque
782 3123 921 3202 pertingit.
957 3120 1018 3178 viu.
1033 3120 1174 3179 lablousk.

134 3205 214 3265 hisee
245 3224 298 3283 pro
328 3206 455 3266 adverbio
495 3205 629 3283 (omniun,
678 3225 751 3267 voec.
768 3211 900 3283 Aegypte
924 3225 992 3283 pag.
1009 3207 1071 3268 102
1093 3223 1174 3281 seqq.

129 3309 261 3370 prorsus,
278 3292 428 3366 γτοτῖαοο)
441 3295 508 3370 poni
523 3294 628 3352 statuit.
678 3301 753 3350 recte
776 3295 984 3362 observantem,
1013 3307 1060 3346 eas
1080 3297 1173 3346 vestes

179 3373 212 3436 ἐν
234 3377 305 3458 τῇσι
326 3370 443 3446 ὁδοῖσι,
464 3375 628 3457 αροσκυνέ-
679 3377 706 3434 in
719 3378 862 3455 perruultis
876 3373 1078 3445 monumentis,
1100 3393 1174 3456 qnae

134 3455 225 3538 ουσι]
254 3465 437 3537 προσκυνεῖν
458 3461 494 3520 de
513 3481 629 3522 venera·
678 3457 1173 3540 etiamnumsupersint,cerniposse.

132 3545 217 3604 tionis
232 3565 335 3620 genere
354 3545 381 3602 iu
402 3546 469 3604 deos
484 3553 530 3604 aut
545 3567 626 3625 reges
677 3547 840 3622 „Eiusmodi
857 3549 941 3604 cirros
952 3546 981 3602 in
993 3543 1100 3620 aliquot
1113 3563 1173 3602 mu·

133 3631 257 3690 adhibito
272 3629 435 3707 plerumque
450 3631 557 3706 dieitur,
571 3653 627 3711 quo
677 3633 791 3690 uriarum
807 3630 1010 3690 Thebaiearum
1024 3630 1172 3687 vestimen·

133 3716 217 3793 proni
234 3715 261 3772 in
278 3720 381 3774 terram
402 3717 460 3773 sive
472 3714 547 3774 humi
561 3739 628 3797 pro-
677 3719 713 3774 tis
733 3722 892 3794 repererunt
909 3715 981 3773 docti
999 3713 1082 3771 Galli.
1105 3715 1170 3773 Vid.

135 3801 292 3859 eumbentes
314 3799 381 3858 alios
403 3801 461 3859 sire
483 3801 549 3860 deos
571 3806 628 3864 sive
677 3801 795 3861 lonrard.
813 3802 841 3859 in
853 3799 984 3876 descript.
1000 3799 1036 3857 de
1049 3799 1170 3876 l'Egypt.

134 3885 272 3962 principes
285 3885 627 3959 adoramus,rneiestatem
677 3887 783 3963 antiqq.
802 3907 849 3946 sur
863 3885 903 3944 les
917 3885 1020 3961 hypog.
1035 3885 1071 3943 ‹le
1080 3883 1171 3942 Theb.

134 3967 242 4028 illorum
258 3977 429 4030 venerantes.
452 3972 537 4040 erod
552 3974 628 4049 apud
678 3971 786 4032 sectll
816 3969 887 4050 §08
915 3988 980 4048 pag·
1001 3969 1071 4032 34st
1115 3967 1173 4036 Qui

134 4053 237 4112 Persas
283 4060 437 4132 gentesque
478 4055 626 4116 orientales
676 4055 756 4115 idem
769 4057 813 4133 (p.
827 4055 905 4131 385)
920 4055 956 4112 ad
971 4072 1063 4110 vocem
1077 4055 1171 4114 κιθοῑ-

133 4139 282 4218 prneeipue
298 4139 450 4199 obtinuisse
470 4140 537 4198 satis
561 4161 628 4200 eou-
676 4161 732 4212 νας
762 4137 861 4210 leving
890 4145 1003 4197 revocat
1029 4137 1172 4214 hodieque

132 4229 199 4283 stat.
243 4221 290 4282 'ln
308 4224 364 4284 vid.
386 4225 498 4285 Cornel.
521 4224 626 4306 Nepet.
676 4232 837 4302 usurpatam
872 4219 1020 4300 Aegyptiis
1065 4229 1170 4282 vestem

132 4307 163 4366 in
187 4308 297 4366 Conon.
316 4308 374 4383 lll,
397 4312 418 4374 3
446 4315 475 4369 et
495 4329 569 4387 quae
589 4311 627 4369 ibi
676 4309 793 4386 σαλαγεῖ
817 4308 904 4369 etad
926 4305 1030 4385 εἵματα
1050 4301 1171 4389 εύρίνεα

132 4391 253 4473 plurima
275 4393 426 4454 wihmunt
454 4394 629 4476 interpretes,
676 4395 790 4476 pallium
809 4393 930 4452 Arabum
950 4391 1098 4453 bonwm.“
1118 4391 1167 4452 Cr.
