2990 5228
426 461 820 530 nuraarnn
1026 467 1102 560 aar

13 661 22 708 r
128 634 212 702 τίτί.
233 631 318 701 aar&
342 629 408 719 ηιίρ
431 629 472 719 δή
493 629 622 718 vaporis
641 633 809 718 Αίηαατος
830 628 940 700 ἅτασα
960 632 1092 716 διαραί-

12 755 119 828 ι165
139 777 245 839 ρηται.
285 751 510 840 Ἑρμοτυβίων
529 753 591 840 μὲν
610 755 681 822 οἴδα
702 752 765 822 olol
786 752 901 839 νομοί·
935 753 1092 837 Βουσιρί-
1135 761 1341 854 ffiqffigugff·

12 907 18 946 r
136 897 213 958 της,
236 875 379 960 Σαΐτης,
400 875 578 962 Χεμμίτης,
602 874 833 961 Παπρημίτης,
850 867 1094 960 νῆσοςὴΠρα-

96 1153 281 1234 Καλασίριες
294 1159 360 1213 aunt
378 1156 503 1228 iuvenes,
524 1151 591 1212 udo·
642 1154 712 1211 ‹loro
738 1149 914 1226 discesseris,
945 1153 995 1231 qui
1026 1153 1136 1214 tertiam

96 1240 220 1298 ίτιτταίττ
238 1239 324 1314 (inde
338 1239 455 1300 maxima
476 1239 534 1319 apti
554 1237 593 1297 ad
642 1238 762 1296 omniurn
774 1255 903 1314 agrorum
916 1240 1071 1317 portionem
1083 1239 1137 1298 mi-

97 1324 289 1403 expeditionea
309 1325 421 1384 bellioaa
440 1331 518 1384 extra
534 1324 592 1384 Aa·
640 1323 718 1382 litum
731 1323 816 1382 fuisse
830 1331 948 1382 enarrat.

98 1410 177 1488 gypti
197 1410 266 1470 finer
289 1411 503 1487 instituendae),
526 1407 591 1487 Ἑρ-
685 1403 760 1470 nortl
778 1402 836 1489 ητίρ
857 1402 895 1486 δὴ
911 1402 1027 1488 νομοίς
1041 1407 1135 1489 Atyo-

11 1517 12 1524 ‘
98 1489 241 1576 μοτύβιες
267 1515 334 1555 vero
354 1495 495 1569 bellantes,
517 1494 592 1554 railt'·
641 1517 716 1566 πτας
736 1487 840 1554 ἅπασα
860 1492 1067 1573 διαραίρηται]
1089 1495 1135 1553 Cf.

11 1625 12 1648 r
97 1585 205 1651 mou,
224 1581 324 1657 quibua
338 1583 461 1642 seniores
476 1579 591 1656 intelligi
643 1577 938 1659 auprall‚109ibiq.
960 1585 1018 1638 not
1046 1579 1136 1639 Valde

102 1665 265 1739 arbitratur,
291 1667 328 1724 ad
350 1667 469 1744 patriam
492 1666 591 1726 defen·
641 1671 735 1726 autem
753 1664 879 1736 variant,
903 1665 1024 1742 quaeda
1040 1683 1137 1724 nume·

103 1749 223 1821 dandam
240 1750 332 1828 potina
358 1752 489 1812 destinati
506 1769 591 1828 quam
640 1769 673 1810 ro
684 1769 829 1808 nomorunr
842 1767 931 1825 aeque
942 1770 975 1808 ao
986 1750 1023 1809 de
1038 1751 1135 1826 singu-

99 1837 137 1894 ad
157 1833 260 1893 bellum
281 1842 356 1894 extra
378 1837 500 1916 Aegypti
519 1837 590 1895 lineo
640 1837 730 1894 lorum
751 1853 895 1894 nomomm
924 1835 1079 1893 nominibus
1100 1853 1134 1894 ac

96 1919 305 2002 proferendum.
352 1922 493 1982 Heerenio
511 1921 592 1982 ‹leni-
642 1922 742 1980 fraihna
765 1921 841 1998 apud
861 1924 970 1980 veteres
991 1921 1135 1980 inveniun-

99 2003 377 2083 quel.1.pag.136
395 2007 592 2086 diversaepri-
641 2013 687 2066 tur
709 2007 820 2064 tradita
862 2003 964 2082 Neque
986 2006 1059 2064 enim
1079 2024 1135 2064 una

98 2093 182 2150 mitur
202 2091 429 2151 fniaaeridentur
448 2099 548 2170 genter
568 2113 591 2150 r.
642 2093 797 2168 eademque
807 2109 950 2148 nomorum
959 2091 1056 2150 divisio
1063 2109 1138 2150 rern-

97 2178 205 2247 tribua,
233 2193 307 2252 qnae
334 2177 448 2237 diversis
477 2195 593 2256 quoquo
641 2196 695 2258 per
708 2177 736 2234 in
750 2175 881 2254 Aegypto
895 2175 1045 2236 obtinuisse
1058 2175 1138 2235 vide·

97 2262 164 2322 locis
182 2259 332 2320 habitarint
353 2267 382 2322 et
399 2263 428 2321 in
442 2283 526 2322 unam
540 2263 593 2321 mi·
644 2269 706 2336 tur,
728 2263 833 2340 quippe
846 2268 1001 2341 temporum
1016 2262 1136 2321 decursu

96 2346 176 2406 litum
186 2344 304 2404 classem
316 2347 382 2407 dein
396 2347 554 2409 coaluerint.
643 2367 696 2428 pro
710 2353 783 2406 statu
796 2345 906 2425 publioo
923 2347 1060 2423 regnique
1068 2364 1138 2406 con·

141 2429 175 2493 ίιι
202 2433 308 2509 νομῶν
334 2427 368 2492 δὲ
395 2434 490 2496 τᾶνδε
521 2429 591 2511 eloi]
644 2433 750 2493 ditione
773 2432 894 2491 crebrius
917 2438 1032 2492 mutata.
1075 2431 1138 2492 No-

99 2515 163 2575 lure
175 2521 256 2574 notat
268 2513 387 2576 Haeren.
404 2517 423 2576 l.
440 2517 458 2576 l.
476 2538 505 2598 p.
522 2520 592 2583 136.
644 2537 708 2579 men
721 2523 813 2578 autern
832 2516 932 2594 singuli
945 2517 1021 2576 nomi
1041 2517 1077 2577 ab
1091 2535 1139 2576 ur-

103 2602 166 2664 137
191 2600 336 2658 maximam
354 2600 470 2660 militum
486 2609 594 2681 partem
643 2605 725 2663 bibus
756 2603 908 2682 praecipuis
928 2602 1067 2681 aoeepiaae
1093 2601 1137 2660 ri-

97 2683 127 2742 ln
140 2685 262 2744 inferiori
275 2683 406 2764 Aegypto
425 2692 514 2747 terras
531 2706 594 2747 anan
644 2691 752 2749 dentur.
796 2687 844 2746 Tu
872 2689 929 2747 vid.
957 2706 1030 2766 quae
1053 2687 1137 2746 affert

97 2769 276 2830 mutationes
288 2769 593 2850 habainaeamignataa,
642 2774 728 2835 Barla.
747 2771 918 2850 Weltgesolu
939 2773 953 2832 l
972 2794 1000 2853 p·
1021 2774 1085 2838 736
1107 2777 1137 2831 et

96 2873 158 2913 cum
171 2875 241 2914 unua
255 2862 362 2915 tantum
373 2876 473 2917 nomas
491 2859 520 2917 in
533 2878 594 2918 me-
610 2909 615 2930 ,
643 2857 797 2938 Champoll.
818 2857 888 2937 l'Eg.
903 2878 967 2918 roua
988 2858 1006 2918 l.
1019 2857 1097 2938 plrar.
1110 2855 1136 2916 ll

96 2940 145 2998 dia
155 2939 284 3018 Aegypto
300 2942 489 3018 Chemmirlir,
510 2943 594 3004 alter·
640 2963 669 3024 p.
685 2948 748 3011 270
767 2963 847 3021 seqq.
873 2944 974 3004 Ritter.
991 2943 1136 3002 Erdkund.

98 3044 155 3101 que
171 3024 327 3084 Thebaicus
341 3028 371 3084 iu
386 3029 521 3106 superiori
534 3028 593 3089 Ae·
641 3028 775 3108 lpnol
797 3029 917 3090 Heeren·
932 3029 975 3102 ll,
991 3034 1055 3108 21>-
1066 3032 1136 3094 111·

97 3116 187 3188 gypto
208 3109 308 3170 iisdem
331 3112 487 3190 assignatur
508 3121 590 3174 esset.
637 3116 704 3180 -113
717 3133 777 3193 aeq.

97 3195 172 3254 Cum
191 3213 258 3254 vero
276 3214 293 3256 a
310 3197 592 3273 regionibua·Deltoe
780 3240 828 3300 Ca
885 3237 989 3300 (Ην

97 3279 439 3342 adiacentibuamarimnm
447 3283 592 3364 Aegyptiis
833 3260 863 3321 μ
989 3283 996 3298 “

98 3362 255 3422 immineret
270 3365 419 3442 petiolum
435 3369 595 3429 Psammiti-
686 3365 882 3448 Βουσιρίτης]
904 3367 949 3428 De
964 3366 1034 3426 urbe
1052 3363 1139 3425 Buri-

97 3447 142 3507 alri
156 3449 329 3526 potissimum
342 3459 433 3514 aetate
445 3459 531 3533 alque
545 3475 594 3515 eo-
643 3454 729 3529 rillio,
750 3455 825 3514 unde
838 3473 939 3513 nomen
951 3453 1014 3511 tulit
1026 3470 1136 3524 nonnus,

97 3551 178 3606 rum,
200 3535 248 3612 qui
262 3537 347 3594 secuti
359 3544 422 3596 aunt
434 3559 528 3616 regen,
540 3540 594 3600 hoo
643 3541 700 3599 vid.
713 3539 754 3613 ll,
768 3541 809 3605 69
832 3539 898 3614 ibiq.
912 3545 970 3598 not
1010 3537 1055 3596 De
1069 3535 1137 3595 Soi-

98 3618 137 3675 ita
150 3619 303 3679 institutum
318 3622 403 3684 sulam
417 3625 541 3700 videtur,
562 3632 595 3685 ut
644 3629 698 3685 tr'co
714 3643 798 3683 nomo
817 3625 890 3684 oons.
912 3623 954 3698 ll,
977 3623 1047 3688 152.
1073 3627 1137 3688 172

96 3703 150 3762 illia
164 3705 191 3762 in
206 3706 364 3782 rem'onibua
379 3709 528 3789 praecipue
546 3729 593 3769 oa-
643 3718 673 3771 et
693 3710 954 3786 11‚oaibiq.n0ta
982 3707 1028 3768 De
1043 3707 1135 3767 coem-

96 3793 157 3847 ntra
170 3808 221 3849 aaa
235 3790 370 3852 haberent
380 3792 494 3870 milites,
509 3813 592 3874 prae·
642 3797 681 3852 mi
692 3796 810 3854 diximus
833 3794 870 3852 ad
888 3795 928 3867 ll,
940 3797 998 3865 9l·3
1019 3793 1056 3854 de
1077 3791 1135 3851 Pa-

96 3880 143 3934 ter
164 3893 234 3951 quor
253 3875 298 3935 alii
316 3878 494 3954 quoqueillic
512 3881 592 3940 habi-
636 3883 724 3958 premi
734 3881 770 3938 ad
785 3877 825 3952 ll,
838 3880 896 3950 633
918 3879 955 3939 (le
968 3877 1055 3937 inrula
1064 3877 1135 3936 Pro·

96 3965 174 4019 tasse
190 3961 319 4020 videntur
331 3962 474 4038 hominen,
495 3970 592 4043 pasto-
636 3964 762 4042 ¹sopitide
777 3964 814 4022 ad
826 3963 871 4036 11,
884 3963 934 4028 41.
979 3961 1073 4022 Notio
1090 3963 1134 4021 vi-

95 4063 157 4118 reo,
179 4045 341 4120 agricolae,
364 4049 430 4126 qui,
452 4067 525 4126 quae
539 4049 592 4107 mi·
641 4050 722 4108 detur
743 4048 818 4107 idem
846 4069 909 4110 este
928 4067 1048 4123 nonnus,
1084 4047 1134 4126 qui

94 4128 188 4188 lioba·
203 4133 358 4191 necemaria
378 4139 471 4194 errent
492 4134 530 4193 ad
550 4135 592 4193 vi·
641 4131 801 4193 Ptolemaeo
836 4133 935 4194 dieitur
954 4127 1073 4207 Νεοίτ,
1104 4139 1133 4193 et

95 4221 189 4289 ctum,
216 4223 356 4294 pararent.
411 4217 491 4297 lpaon
516 4219 591 4278 enim
642 4220 678 4277 ab
698 4218 797 4278 eodem
818 4218 890 4278 inter
907 4217 1081 4277 Buairitieum
1104 4223 1134 4279 et

94 4299 196 4360 militer
215 4301 289 4376 agria
312 4301 434 4361 colendis
460 4310 591 4382 operator
639 4303 816 4363 Bubasticurn
844 4301 882 4377 (ι.
900 4301 1081 4362 Phatnitirum
1105 4309 1135 4362 et

94 4403 159 4444 erae
172 4383 284 4444 vixdum
294 4386 433 4448 affirmare
443 4385 591 4461 boetrum
640 4385 833 4461 Pelusiacum)
868 4387 982 4446 flurium
1010 4389 1133 4468 ponitur.

94 4469 151 4530 alia
166 4469 261 4530 ileaint
274 4470 448 4547 testimonia,
462 4473 486 4532 al
495 4471 591 4534 allio·
639 4471 686 4531 ln·
698 4472 789 4534 insula
816 4472 993 4553 Prosopitide
1019 4472 1135 4534 roborat
