2990 5228
261 431 325 492 ooo
472 423 682 487 uxcuusos
705 425 744 486 ιιι
765 423 817 486 An
841 423 1192 502 rrunouor.1,1oo.

264 596 362 674 1814)
384 595 431 657 tt
453 616 481 675 p.
497 593 558 661 144
580 615 659 674 seqq.
702 596 835 674 Singulos
856 595 931 674 apud
957 593 1132 655 Herodotum
1153 615 1235 673 reges
1255 595 1414 658 Medorum

262 721 323 758 cnm
334 699 473 759 Ctesianis
487 716 647 777 comparare
665 703 694 759 et
707 705 855 778 utrumque
874 698 1033 776 scriptoreu
1052 698 1107 756 hoc
1125 700 1207 757 modo
1229 719 1325 760 secum
1340 721 1416 761 con-

262 803 354 862 ciliare
368 800 489 875 studuit,
512 807 545 858 ut
559 801 690 860 Ctesiana
715 820 813 878 regum
834 801 920 860 series
943 798 1009 856 nihil
1028 798 1183 860 aliudesse
1204 803 1333 864 videatur
1353 806 1414 864 nisi

262 904 441 963 Herodoteac
453 903 533 962 seriei
544 901 699 980 duplicatio.
731 903 813 973 Quae
832 903 898 962 tolie
911 919 1064 979 sanequam
1076 907 1158 978 suut,
1179 911 1212 962 ut
1225 911 1256 964 et
1266 906 1413 966 affirmare

261 1012 291 1066 et
303 1007 431 1066 diffidere
443 1005 481 1064 sit
494 1003 613 1064 difficile
657 1004 744 1064 Haud
757 1004 863 1065 meliori
876 1005 905 1062 in
925 1003 1001 1065 hisce
1019 1025 1145 1064 successu
1157 1004 1338 1066 elaborarunt
1349 1009 1410 1082 aiii,

260 1109 390 1186 quos·ad
410 1108 524 1168 etesiae
544 1105 562 1164 Ι.
578 1104 596 1164 Ι.
619 1107 749 1180 excitavi,
778 1107 824 1166 vix
846 1111 942 1166 tamen
964 1107 1116 1185 quidquam
1135 1109 1330 1186 profermtec,
1349 1129 1407 1188 quo

259 1210 422 1292 perturbata
437 1215 591 1287 temporum
606 1210 678 1268 ratio
691 1210 757 1268 satis
771 1209 931 1269 iliustretur.
975 1209 1088 1288 Quippe
1102 1209 1319 1288 discrepantiam
1332 1212 1405 1271 iliam

259 1313 333 1371 inter
350 1311 527 1371 Herodoteos
550 1319 637 1389 atque
661 1311 808 1386 Ctesianos
830 1329 960 1372 numeros
981 1329 1015 1370 eo
1043 1311 1148 1370 reterre
1175 1313 1290 1388 msiuut,
1322 1318 1400 1392 quod

246 1415 328 1475 ,alter
340 1415 408 1472 istos
423 1431 513 1472 annos
533 1413 670 1486 omiserit,
691 1431 742 1492 per
757 1432 829 1490 quos
846 1411 940 1488 Medi,
960 1413 996 1472 ab
1014 1411 1136 1490 Assyriis
1149 1434 1209 1473 cum
1224 1416 1392 1490 defeciscat,

257 1518 378 1578 iudicum
402 1536 424 1574 s.
446 1515 603 1594 principum
630 1515 807 1592 quorundam
836 1515 993 1574 auctoritati
1012 1535 1057 1574 res
1082 1535 1147 1574 suas
1174 1515 1388 1578 aduiuirstrundas

256 1619 447 1700 permiserint,
468 1618 557 1676 donec
575 1615 708 1676 Deiocem
723 1635 819 1694 regern
835 1615 977 1694 elegerint
1019 1617 1082 1678 Nec
1101 1619 1193 1696 magis
1215 1625 1293 1678 certa
1308 1619 1401 1678 vidus-

256 1731 317 1798 tur,
350 1739 424 1799 quae
442 1720 609 1779 Hammerus
634 1719 729 1778 statuit
748 1718 777 1776 iu
800 1717 900 1776 annali.
920 1717 1083 1780 Viennensi.
1105 1721 1147 1779 lx
1167 1739 1235 1798 pag.
1250 1723 1291 1786 18
1304 1726 1407 1786 -16

256 1825 333 1886 Nam
345 1823 477 1883 Deiocem
494 1820 638 1879 contendit
650 1841 711 1880 esse
727 1819 916 1878 Dicicmiciid
933 1828 962 1881 et
982 1821 1146 1881 Phraortem
1162 1820 1337 1898 Feriduu⁸),·
1359 1825 1410 1900 qui

256 1925 355 2004 reliqui
380 1929 626 1984 commemorentur
652 1943 700 1983 sex
726 1941 807 1999 reges
834 1927 892 1980 tum
913 1925 989 2002 apud
1011 1925 1136 1984 Ctesiam
1155 1932 1215 1984 tum
1236 1926 1266 1984 iu
1283 1926 1406 1984 carmine

256 2028 421 2100 Persarum,
443 2025 488 2084 cui
500 2044 602 2104 nomeu
617 2024 824 2099 Schahuameh,
846 2026 1001 2104 interpositi
1015 2046 1106 2104 usque
1118 2030 1155 2087 ad
1167 2029 1333 2106 Cymrcm,
1353 2047 1407 2087 eos

255 2129 449 2192 abHerodoto
471 2125 611 2203 neglectos
628 2145 691 2185 erce
706 2127 773 2186 urit
813 2125 967 2187 Niebuhrio
988 2130 1036 2205 (v.
1051 2129 1240 2190 Deukschrist.
1254 2131 1283 2188 d
1301 2129 1408 2190 Bcriiu.

253 2230 341 2292 Acad.
356 2233 385 2290 d.
400 2229 569 2290 Wisseusch.
589 2229 994 2308 1820—1821p.49.50)
1015 2229 1069 2290 hae
1086 2231 1265 2291 diffimttares
1286 2233 1327 2291 sic
1345 2231 1409 2290 tolli

253 2353 340 2414 posse
354 2333 498 2406 videntur,
520 2337 552 2390 ut
571 2331 601 2389 iu
612 2331 749 2390 Herodoti
761 2331 840 2406 loco,
863 2338 994 2411 corrupto
1008 2331 1124 2408 scilicet,
1144 2334 1270 2409 legatur:
1291 2329 1407 2412 ἔρξαν-

254 2456 301 2508 τες
321 2435 433 2513 τῆς-
450 2427 515 2494 ἅνω
535 2423 639 2512 'utuiqe
659 2424 711 2496 ἕν’
732 2429 797 2494 ἔτεα
817 2427 1067 2514 πεντήκοννθο
1086 2431 1142 2496 aot
1161 2431 1405 2516 {surda-scopi}

251 2531 275 2618 ἢ
297 2530 371 2600 ὅσον
393 2534 424 2600 oi
453 2526 579 2598 Σκύθαι
607 2525 721 2616 ἦρχον,
749 2527 912 2614 τριήκοντα
941 2536 1026 2598 δυοῖν
1059 2535 1173 2600 δέοντα.
1221 2537 1284 2597 Nec
1307 2545 1402 2599 umen

253 2639 323 2702 haec
339 2640 428 2700 textui
439 2639 571 2698 contiuuo
594 2639 739 2698 inserenda
753 2657 816 2697 esre
832 2644 927 2698 censet
939 2639 982 2698 vir
1000 2641 1182 2708 doctissimus.
1225 2639 1258 2698 in
1277 2639 1395 2698 cunuti

252 2742 375 2819 denique
395 2739 636 2802 commemorande
655 2748 698 2800 est
720 2739 850 2818 scriptio,
872 2741 1321 2818 quaewetzur.1828procut,
1341 2759 1394 2798 au-

253 2849 328 2906 ctore
342 2842 431 2900 Grati.
475 2841 607 2911 Quicum
622 2841 652 2898 iu
673 2839 881 2917 chronologiam
905 2843 986 2904 vaide
1000 2844 1132 2903 turbatam
1152 2842 1230 2917 regni
1242 2841 1398 2918 Assyriaci,

251 2943 428 3023 Babylonici,
451 2941 555 3002 Medici
574 2942 708 3021 inquirit,
729 2951 855 3004 uostnsm
868 2964 983 3024 quoque
997 2947 1086 3007 locum
1098 2945 1192 3023 attigit
1208 2964 1238 3023 p.
1252 2947 1292 3016 9,
1315 2962 1402 3022 quern

252 3065 338 3128 prava
349 3046 576 3124 interpretatione
592 3046 629 3104 ed
642 3065 721 3106 suum
734 3049 898 3107 senteutiam
910 3048 949 3106 itu
964 3050 1136 3127 detorquere
1150 3049 1259 3121 studet,
1271 3053 1304 3104 ut
1316 3048 1402 3106 verba

252 3144 347 3230 παρὲξ
366 3140 389 3228 ἢ
411 3141 485 3211 ὅσον
507 3148 540 3212 οἱ
550 3143 676 3211 Σκύθαι
695 3139 790 3230 ἦρχον
808 3169 954 3228 perperam
971 3149 1056 3228 vulgo
1078 3151 1118 3210 sic
1136 3151 1223 3230 accipi
1237 3150 1401 3210 contendat:

252 3250 374 3328 „danto
394 3252 432 3308 iis
452 3255 547 3328 cruci,
568 3251 664 3330 quidni
678 3271 757 3330 putes
778 3251 897 3330 Scythas
915 3252 1012 3330 suerat
1030 3254 1207 3330 inpmun,“
1228 3272 1289 3313 urm
1308 3255 1403 3332 potius

252 3352 415 3432 explicanda
437 3352 509 3412 sint:
537 3371 780 3431 „ausgenommcn
800 3355 847 3414 die
868 3355 933 3414 Zeit
949 3356 1018 3414 oder
1035 3373 1221 3430 zusammen,
1241 3356 1271 3414 in
1284 3355 1403 3416 Verbin-

253 3457 331 3531 duug
346 3454 396 3512 mit
409 3455 461 3513 der
471 3455 551 3530 Zeit,
565 3476 609 3515 wo
624 3456 669 3516 dic
679 3435 802 3532 Scydren
817 3455 991 3533 herrschteu,
1011 3477 1045 3516 so
1058 3457 1128 3518 dan
1140 3459 1220 3518 diese
1237 3459 1301 3518 Zeit
1311 3458 1395 3517 scion

252 3557 304 3616 mit
316 3557 346 3614 iu
358 3555 415 3616 deu
428 3559 489 3621 128
503 3557 607 3616 Jahreu
619 3557 799 3633 einbegn'ffen
814 3558 881 3616 ἰιια

336 3656 430 3720 Betuli
442 3675 623 3736 quaecuuque
636 3677 654 3716 a
666 3658 731 3718 viris
749 3659 837 3719 doctis
849 3662 960 3739 prolata
973 3661 1080 3734 invcui3
1101 3660 1201 3738 quibus
1220 3677 1282 3717 cum
1298 3663 1399 3720 tantae

252 3760 383 3820 tenebrae
398 3757 443 3815 vir
456 3757 658 3834 dissoluantur,
684 3761 759 3820 uolui
774 3763 835 3842 ipse'
848 3783 938 3827 novae
949 3765 1124 3826 coniecturae
1139 3759 1289 3843 periculum
1303 3763 1399 3825 facere

251 3861 289 3922 ad
309 3880 343 3922 ea
361 3859 555 3937 concilianda,
575 3882 649 3940 quae
671 3863 715 3921 vix
735 3883 855 3944 uuquam
874 3887 968 3928 secum
983 3867 1119 3928 conciliari
1136 3869 1184 3926 aut
1203 3864 1243 3922 od
1259 3863 1399 3943 liquidum

251 3965 366 4046 perduci
386 3983 471 4044 posse
483 3964 645 4026 existimem.

287 4190 312 4260 ·)
334 4190 434 4246 Eadem
451 4186 585 4243 contendit
599 4185 631 4243 A.
645 4189 728 4256 uatty
742 4191 768 4243 iu
783 4143 939 4258 scriptioner
961 4190 1165 4262 „uujemmtm
1190 4191 1322 4256 reciduo,
1334 4192 1394 4246 cs·

336 4283 426 4345 stup,
439 4275 610 4329 Zorourtcr.“
632 4273 795 4343 (Haunover.
810 4277 891 4345 1829)
905 4293 965 4346 pag.
979 4279 1015 4334 53
1029 4295 1102 4348 seqq.
1124 4281 1159 4334 60
1171 4293 1245 4345 seqq.
