3008 5186
516 465 742 530 cn10.1.
1043 477 1106 542 149

144 629 354 721 σιγήσαντος
376 631 426 702 ext
446 627 593 702 τούτοισι
615 633 871 722 Πεισιστράτου,
894 641 1103 728 μηχανῶνται

149 751 196 841 δὴ
218 751 272 821 ἐπὶ
292 757 332 841 τῇ
349 749 479 841 moon
500 757 634 841 πρῆγμα
655 747 893 842 εὐηθέστατον,
914 753 1032 844 detyd
1046 757 1099 828 nri-

154 873 274 959 pioxn,
297 877 425 963 μακρῷ·
449 871 520 940 σοιτί
539 895 574 958 γι
597 869 762 962 ἀπεκρίθη
779 874 816 944 ἐκ
827 875 1025 962 παλαιτέρου
1040 883 1102 946 τοῦ

156 989 324 1081 βαρβάρου
346 990 458 1071 ἔθνεος
480 991 519 1060 τὸ
544 985 756 1080 Ἑλληνικόν,
798 991 856 1064 ἐὰν
882 993 940 1064 καὶ
960 993 1101 1078 δεξιώτε-

107 1237 294 1316 heqomtnrit
335 1235 421 1296 Cont'.
458 1235 605 1300 Ruhnken
648 1237 702 1298 sibi
725 1239 874 1318 opponitur
907 1235 942 1304 ro*
976 1235 1144 1320 Ἑλληνικὸν

103 1325 140 1384 nd
156 1322 231 1384 Τιτα.
249 1322 318 1384 Lex.
331 1321 406 1382 Fiet.
429 1341 458 1402 p.
482 1325 551 1390 182.
654 1325 708 1400 (sc
722 1321 824 1404 γένος)
836 1331 919 1402 amne
931 1321 965 1388 rd
978 1320 1141 1408 βάρβαρον.

143 1407 213 1472 eust
226 1429 261 1490 γε
277 1401 433 1488 ἆιιεαρίθη
451 1406 484 1470 ἐκ
498 1413 603 1472 mior-
651 1409 706 1470 Est
723 1427 788 1470 vero
806 1410 980 1482 haecuostri
1008 1412 1061 1472 loci
1080 1433 1144 1474 sen-

98 1491 268 1575 eipennoni
289 1493 481 1574 βαρβαρικοῦ
497 1491 603 1567 ἔθνεος
651 1495 752 1553 tentia:
774 1493 862 1568 „ilios
875 1493 930 1554 tale
945 1497 1086 1556 consilium
1107 1498 1144 1558 de

96 1576 134 1642 vd
154 1574 346 1659 Ἑλληνικὸν]
367 1579 487 1639 hiultrrm
506 1579 552 1639 hic
569 1579 602 1638 ii-
650 1579 809 1640 reducendo
844 1577 989 1638 Pisistrato
1026 1583 1144 1661 cepisse,

98 1665 142 1724 hri
178 1665 301 1738 nrient;
336 1664 429 1744 plures
454 1663 602 1726 exhibent:
650 1661 735 1740 longe
762 1661 899 1737 omnium,
937 1672 968 1722 ut
997 1666 1143 1727 Herodoto

97 1745 134 1812 ed
163 1743 323 1830 βάρβαρον
345 1748 439 1823 ἔθνος
460 1753 516 1811 τοῦ
538 1747 601 1812 Ἑλ,
650 1749 774 1824 videtur,
795 1748 1014 1828 ineptissimum,
1033 1753 1057 1810 si
1080 1752 1143 1829 qui·
1229 1763 1234 1772 ¹

101 1836 257 1938 λαρινοῦ,
297 1853 368 1892 unos
393 1831 428 1898 ro*
455 1835 599 1918 βαρβαρι-
650 1833 717 1892 dem
733 1853 766 1893 ex
787 1835 902 1910 antiquo
921 1834 976 1892 iarn
989 1854 1056 1894 aevo
1074 1837 1144 1898 Hei·

104 1941 165 1980 τιον
198 1917 296 1990 ἔθνος
331 1923 386 1979 τοῦ
410 1917 601 2000 Ἑλληνικοῦ,
650 1916 728 1978 lenes
751 1937 818 1996 prae
839 1919 963 1978 barbaris
988 1919 1143 1980 nationibus

104 2023 182 2061 unns
219 2001 331 2074 ἔθνεος
364 2007 416 2065 τοῦ
444 2001 599 2087 βαρβάρου
651 2001 830 2076 excederent,
850 2007 908 2062 tuor
927 2003 1090 2064 dexteritate
1101 2005 1143 2062 in-

104 2083 146 2150 το“
187 2081 385 2166 Ἑλληνικόν,
433 2089 475 2148 abi
521 2093 600 2154 deni-
651 2087 743 2164 genii,
763 2093 822 2146 tum
842 2107 876 2144 eo
895 2087 1007 2166 quoda
1031 2087 1144 2146 ridinda

107 2191 170 2250 que
208 2175 264 2232 τοῦ
302 2166 457 2256 βαρβάρου
493 2175 601 2250 ἔθνεος
651 2171 870 2248 (barbarorum)
907 2171 1021 2232 stultitia
1054 2171 1144 2250 magis

108 2251 148 2318 'cd
177 2251 356 2335 Ἑλληνιαόν,
393 2261 471 2337 quod
508 2263 604 2341 ipsum
650 2257 748 2316 remoti
762 2263 873 2332 essent,
893 2261 981 2333 etque
998 2277 1071 2318 nunc
1090 2255 1144 2336 ipsi

112 2341 262 2418 Schweigh.
300 2351 327 2402 et
365 2345 454 2404 Gaios.
489 2347 599 2425 placuit
649 2339 851 2416 Athenienses,
879 2341 927 2418 qui
952 2340 1144 2418 sapientiore!

107 2425 173 2486 Nos
195 2447 253 2486 nrm
272 2427 372 2490 hietth.
393 2429 458 2489 olim
478 2433 600 2492 ret'uron-
650 2425 762 2504 reliquis
770 2425 932 2486 Hellenibus
946 2433 1088 2504 praestare
1101 2426 1144 2486 di·

103 2512 170 2570 dam
188 2513 369 2574 censebamus
384 2516 506 2594 priorum
523 2517 600 2576 editt.
650 2519 786 2586 cenentur,
800 2511 855 2570 tale
872 2511 941 2587 qnid
956 2511 1143 2572 comminisce-

100 2597 264 2658 lectionem:
312 2601 372 2660 τοῦ
414 2599 602 2682 βορβοροοοῦ
650 2601 760 2669 rentur,
782 2596 947 2672 quantique
968 2594 1052 2653 rudes
1073 2615 1142 2672 gen·

101 2681 211 2756 ἔθνεος
229 2678 265 2746 ro*
276 2679 449 2764 Ἑλληνικὸν
458 2728 468 2760 ,
486 2687 527 2745 his
548 2707 602 2766 po-
652 2688 693 2739 tes
709 2701 742 2739 ac
756 2680 889 2738 barbarae
903 2681 961 2740 sere
985 2679 1075 2758 decipi
1091 2699 1144 2756 po·

99 2769 239 2826 tissimum
284 2771 401 2848 permoti
442 2772 601 2848 rationibus,
651 2765 760 2839 tuerint,
774 2765 885 2824 minime
897 2783 961 2824 vero
974 2763 1039 2824 cubi
1053 2763 1142 2828 Grae-

99 2853 183 2930 qnod
203 2853 240 2913 de
257 2854 309 2930 iis,
332 2873 404 2932 quae
423 2875 477 2915 nec
495 2855 601 2918 Graeca
652 2851 677 2908 ci
697 2851 922 2926 Graecorumque
942 2849 988 2908 ve}
1001 2847 1144 2910 cultissimi

99 2943 171 2996 sont
186 2957 240 2996 nec
252 2941 290 2996 ad
302 2939 448 2999 Graeciam
460 2941 602 3020 pertinent
650 2933 837 2994 Athenienses
865 2933 954 3010 decipi
975 2933 1143 2993 debebant.“

101 3023 238 3100 adeoque
270 3023 385 3083 Graecis
424 3033 603 3106 opponuntur
650 3019 693 3079 Ut
714 3019 790 3079 euim
809 3017 913 3078 Graeci
936 3017 1075 3094 barbaris,
1104 3018 1144 3076 iu

102 3108 151 3182 (ut
174 3107 232 3166 hoe
255 3108 399 3188 sereioeo)
421 3111 538 3172 subinde
558 3109 602 3169 in·
651 3103 767 3164 Graecis
813 3104 915 3163 ermetis
962 3099 1143 3162 Athenienses

102 3191 214 3250 venibit
226 3190 424 3273 βαρβαρικός,
447 3215 505 3254 erun
526 3191 600 3275 βοῖρ.
649 3197 793 3267 praestare
827 3189 882 3246 sibi
901 3185 1064 3246 videbantur
1097 3207 1143 3244 sa-

102 3275 200 3356 βαρος
227 3275 324 3336 locum
347 3279 461 3355 babeat,
492 3283 537 3340 ubi
562 3283 601 3342 de
650 3275 753 3352 pientia
781 3273 911 3350 omnique
935 3271 1044 3346 ingenii
1063 3269 1145 3344 nutu,

101 3363 228 3422 mor-‘bns
247 3382 343 3422 sermo
364 3371 444 3444 atque
459 3364 599 3426 institutis.
649 3357 771 3434 reliquae
790 3357 924 3418 Graeciae
947 3375 979 3416 oe
998 3355 1145 3430 magistros

102 3447 155 3508 De
176 3463 245 3522 qno,
265 3455 399 3508 monente
422 3449 482 3524 Cn,
500 3469 600 3509 nonsu-
651 3461 715 3502 esse
732 3445 874 3502 iactantes.
917 3441 1003 3500 Unde
1023 3439 1144 3498 Athena-

102 3531 183 3592 tsrnr
197 3531 334 3594 senneser.
354 3535 384 3592 in
404 3531 504 3594 Melete
529 3535 606 3596 critt..
652 3547 715 3585 rum
738 3529 838 3588 urbem.
860 3525 979 3586 Pericles
1004 3523 1072 3582 dixit
1090 3525 1145 3600 τῆς

102 3637 173 3698 peg-
191 3619 251 3691 4⁰..
264 3620 304 3678 ori
321 3617 390 3678 edd.
413 3617 604 3680 Herosterhua.
649 3605 792 3686 Ἑλλάδος
804 3611 972 3686 παίδευσιν,
987 3609 1144 3686 Thucydid.

103 3701 603 3782 adXeuophont.Ephes.png.180
651 3697 696 3772 ll,
725 3699 775 3762 41.
816 3697 863 3758 De
889 3714 945 3774 qno
969 3695 1042 3754 dicto
1065 3693 1146 3772 plora

104 3789 150 3847 ed.
175 3785 284 3852 Locdh
304 3787 386 3849 Nunc
407 3793 503 3848 tamen
520 3789 601 3848 Gnis-
655 3781 701 3842 Cr.
716 3783 753 3842 ad
766 3783 882 3841 oration.
898 3777 1144 3840 decivitaththen.

104 3874 226 3934 sordium
241 3873 324 3950 sequi
339 3873 436 3949 malni,
457 3879 517 3932 tum
536 3892 601 3951 pro-
652 3887 718 3947 με.
743 3867 785 3932 66
808 3867 853 3928 ed.
875 3885 932 3926 sec.
950 3861 1087 3940 Equidem
1101 3882 1147 3922 me

103 3963 168 4037 pter
181 3958 316 4018 librorum
334 3959 499 4038 scriptorum
519 3963 603 4034 atque
653 3953 799 4012 continebo
837 3952 866 4010 iu
903 3969 960 4008 uuo
988 3947 1147 4006 Dicaearchi

106 4043 257 4104 edtionunr
303 4045 513 4118 auctoritatem,
545 4047 608 4101 hun
653 4037 726 4111 loco,
745 4037 793 4114 qui
808 4056 842 4096 ex
857 4035 1019 4094 Herodoteo
1035 4051 1147 4108 etpres-

110 4131 181 4202 quod
195 4129 263 4190 iliud
276 4129 428 4190 discrimen
443 4127 513 4190 inter
530 4127 605 4209 βαρ.
654 4143 702 4181 sns
715 4123 861 4196 videatur,
876 4140 905 4198 p.
923 4123 962 4184 10
985 4119 1030 4192 (in
1045 4116 1146 4175 Creon.

114 4209 226 4292 βῦςιτός
247 4223 276 4276 et
292 4208 452 4300 βάρβαρος
472 4215 515 4272 vix
541 4212 604 4272 ubi·
653 4207 762 4268 hieiett
780 4207 819 4264 111
840 4225 908 4284 pag.
934 4205 1024 4280 188):
1053 4195 1148 4301 edep-

113 4313 169 4371 que
189 4309 314 4360 matur.
358 4300 405 4360 lta
429 4299 458 4356 in
478 4297 604 4358 Ρθιεοοὶι
653 4286 749 4356 θόλον
768 4283 800 4353 d'
825 4285 950 4356 ἀ’σοναῑ
964 4282 1068 4351 λοιπαὶ
1089 4307 1149 4346 ιιο-

109 4379 185 4455 1000,
200 4401 272 4460 quern
289 4387 343 4446 Cr.
357 4383 528 4460 adscripsit,
546 4383 605 4440 Po-
655 4383 715 4450 tace
729 4369 807 4458 ιιρός
825 4397 857 4438 τε
869 4367 988 4454 ἡδονὴν
1005 4369 1057 4434 end
1077 4367 1149 4449 dion

108 4465 178 4526 titia.
198 4483 227 4546 p.
249 4475 307 4540 262
329 4493 355 4530 s.
376 4492 408 4552 p.
425 4469 492 4534 257
512 4465 603 4526 Bnkk.
655 4457 822 4545 διόρθωσιν
840 4463 904 4524 τῶν
924 4452 1025 4542 οῗγροῖν
1044 4447 1148 4530 διαφέ-
