3012 5182
288 463 294 472 '
400 479 465 542 aaa
695 469 1054 536 unnonovr

401 643 485 730 ιιρός
498 645 617 730 τοῖχον.
635 637 723 709 οὕτω
737 637 798 724 μὲν
809 637 892 719 sude
904 637 947 707 sul
960 635 1219 707 πολυτελέστατα
1233 632 1406 706 sawt-ss

307 762 359 836 Sl
400 765 494 846 ζουσι
512 759 661 846 νεκοοάς.
696 757 783 838 Tude
804 759 840 828 dl
860 757 900 827 τά
921 756 1004 848 μέσα
1024 755 1269 846 βουλομένους,
1290 755 1356 845 τὴν

154 857 364 956 32⁴⁸AEth
384 881 444 952 sal
462 885 680 971 κολυτιληληυ
701 872 900 969 φεύγοντας,
928 877 1125 963 σκευάζουσι
1144 869 1220 948 olda.
1254 877 1360 947 ἐπεάν

360 1161 433 1223 eninr
445 1179 553 1222 summa
565 1163 595 1221 in
609 1160 676 1240 ipsis
688 1159 850 1222 condiendis
901 1157 1025 1224 λέσταια
1054 1147 1230 1231 σκευάζουσι
1252 1149 1406 1238 vesperis]

359 1247 474 1308 momnis
493 1265 573 1322 eura,
607 1245 646 1305 ita
663 1245 739 1305 hand
760 1247 852 1306 minor
901 1246 1039 1326 Supplere
1062 1243 1153 1324 possis
1174 1262 1236 1302 enm
1253 1241 1407 1318 Schweig-

359 1331 390 1392 in
412 1330 479 1391 locis
513 1331 671 1411 sepulturae
706 1331 851 1408 eligendis.
900 1330 1200 1392 lineuseroorationem
1213 1327 1404 1386 hsmein-mo-

359 1417 520 1478 Thebaieae
540 1421 632 1478 ants·
646 1417 768 1494 regionis
789 1435 852 1476 urm
901 1418 984 1478 dum:
1018 1407 1092 1488 τοάς
1112 1407 1189 1476 sard
1211 1406 1250 1473 τά
1272 1415 1401 1474 πολυκε-

358 1521 466 1563 summa
476 1507 554 1562 esset
562 1503 712 1578 sanctitas,
733 1521 851 1562 consen·
900 1493 1282 1581 λάσιοιαταριχευομάνους.
1302 1498 1399 1567 Quid·

357 1595 469 1648 taneum
489 1589 638 1666 prolecto,
664 1587 850 1667 opulentiores
899 1589 930 1649 ni
951 1587 1056 1648 fadlins
1079 1584 1224 1665 supplere:
1254 1579 1391 1690 βουλομά-

358 1692 472 1751 quoque
487 1672 551 1732 illuc
563 1691 679 1752 corpore
699 1692 749 1732 sua
762 1672 851 1732 medi-
900 1695 990 1747 κους,
1012 1677 1043 1730 ut
1060 1671 1088 1729 in
1102 1689 1182 1748 seqq.
1203 1691 1280 1742 τους
1293 1663 1330 1729 τά
1345 1665 1393 1747 μά-

357 1759 850 1837 satadelerriatquereponiiussisse.
901 1775 940 1821 σα
960 1753 1180 1839 βονλομέυουςς
1202 1773 1303 1814 sensus
1325 1753 1400 1812 lmud

357 1841 418 1903 lam
432 1863 528 1903 sensus
540 1844 664 1902 lectionis
680 1843 852 1903 aCreuzero
901 1844 1047 1904 obscurus:
1068 1841 1160 1916 „laec
1177 1845 1216 1898 est
1227 1842 1302 1898 ratio
1313 1859 1403 1918 appa·

357 1927 481 2008 pluribus
493 1927 644 1988 illustratae
656 1927 704 2003 (cs.
719 1947 784 2007 pag.
798 1929 850 1992 78.
901 1929 983 1989 randi
1000 1947 1031 1986 en
1041 1925 1191 2000 οαάαοοοα,
1210 1945 1282 2003 pune
1293 1928 1403 2003 pretin-

359 2011 403 2080 96
418 2031 496 2092 seqq·
522 2015 585 2079 103
597 2014 691 2090 seqq.)
714 2013 759 2072 hie
782 2013 851 2073 erit:
901 2019 1009 2076 sissima
1022 2012 1132 2072 condita
1143 2011 1263 2071 οολιοιλ“
1278 2009 1331 2069 Ad
1340 2031 1404 2070 ves*

362 2115 470 2176 οοψοια
481 2097 614 2158 αιαάίοαλα
626 2103 651 2156 et
664 2102 735 2158 αιιίι
748 2097 853 2158 inclusa
902 2101 954 2162 aa:
978 2093 1113 2171 ἱστάντες
1129 2090 1225 2178 laada
1238 2089 1321 2176 πρὸς
1342 2099 1404 2159 τοῖ-

360 2181 484 2262 desrvunt
505 2187 534 2242 ia
555 2183 714 2242 Tlelas'dem
734 2184 853 2264 (utpote
902 2207 957 2267 χον
977 2191 1073 2245 monet
1097 2182 1210 2244 Belzuni
1230 2179 1368 2259 (voyage
1388 2178 1403 2240 l

358 2267 540 2328 conditorium
564 2266 698 2346 religione
734 2269 853 2330 maxime
901 2290 930 2351 p.
946 2272 1025 2347 266)
1041 2271 1070 2328 in
1085 2267 1218 2347 eryptisa
1237 2286 1270 2325 se
1282 2266 1400 2326 detectis

360 2353 564 2428 consecratum)
577 2353 666 2434 ibique
683 2358 712 2414 ιἰι
732 2352 852 2434 sepulcro
902 2375 934 2417 se
949 2355 1114 2416 cummanum
1125 2352 1401 2430 invenisse,qnippe

359 2435 482 2496 condunt.
525 2437 619 2500 Unum
633 2445 743 2514 tamen,
772 2444 851 2499 unte-
900 2443 1017 2504 mumius
1035 2439 1192 2515 „eouehdes
1211 2457 1265 2517 par
1276 2439 1397 2514 rangees

359 2540 442 2599 quam
470 2522 506 2582 de
529 2521 647 2585 lectione
667 2525 767 2584 certius
784 2543 853 2604 pru·
900 2525 1111 2596 hodzuntales3
1148 2522 1284 2601 quelques
1296 2555 1310 2566 ·
1324 2541 1394 2580 unes

357 2606 543 2683 nuntiaveris,
563 2615 674 2689 reputes
687 2609 783 2679 velim,
807 2606 852 2671 ol·
899 2611 1005 2672 etaient
1025 2609 1172 2670 enlonodes
1203 2609 1274 2667 dans
1297 2625 1333 2664 un
1351 2605 1394 2664 ei-

358 2712 441 2769 κημα
456 2711 517 2752 eum
538 2693 619 2752 latius
632 2700 728 2772 pateat
745 2693 851 2771 signifi-
901 2704 980 2758 ment
999 2695 1047 2774 qni
1066 2695 1134 2754 add
1149 2694 1209 2753 aue
1223 2711 1286 2752 mon
1297 2689 1391 2768 quand

358 2775 490 2851 satione,
518 2783 547 2836 et
565 2796 756 2857 quamcumque
773 2779 851 2840 aedi·
899 2779 941 2843 les
958 2783 1091 2860 eaissesy
1110 2784 1161 2839 unt
1173 2780 1220 2839 έλέ
1231 2776 1391 2858 deposeat·

357 2859 446 2920 aulam
461 2879 631 2923 cameramve
645 2865 850 2943 denotarepos·
1015 2908 1067 2968 ca
1123 2905 1296 2966 Lm

242 2993 245 3002 .
360 2945 412 3021 ut,
433 2948 647 3008 accersendus
666 2948 850 3009 adunardi·
1073 2928 1103 2988 Ρ·

359 3031 436 3108 qnod
452 3031 631 3108 vocabulum,
651 3053 708 3112 quo
728 3034 786 3094 eius
809 3033 850 3093 vis
941 3029 1015 3110 κοιλς
1034 3029 1069 3098 dl
1094 3027 1131 3096 sul
1153 3029 1233 3113 μὲσα
1252 3027 1395 3115 βουλομά-

359 3116 512 3176 saumana
527 3117 673 3178 definiatur
686 3125 715 3180 ιι
730 3117 851 3178 ursus
899 3119 991 3200 νοις]
1021 3121 1103 3190 Quae
1136 3119 1178 3178 οι
1205 3117 1394 3179 amman

358 3207 413 3260 tun
457 3201 542 3273 Quod
558 3204 681 3264 additsun
697 3205 850 3264 invenimus
898 3207 1039 3286 Heynins:
1083 3197 1161 3278 τοιλς
1195 3202 1396 3286 βουλομένους

356 3291 509 3365 θηκαῖον,
544 3287 632 3348 idad
658 3295 850 3366 argumentum
899 3287 976 3354 κατά
1009 3284 1066 3370 κήν
1097 3287 1195 3370 μέσην
1228 3288 1397 3368 εαρλχευσίν

357 3390 413 3430 non
427 3371 551 3449 ineptum
565 3373 653 3434 videri
665 3374 785 3454 poterit,
809 3375 850 3433 ita
900 3395 958 3455 σφι
975 3367 1026 3436 τὸν
1048 3370 1161 3455 νεκράν
1178 3375 1392 3448 σκευασθῆναι.

357 3461 391 3512 nt
404 3455 502 3513 domus
516 3456 683 3534 intelligatur
697 3480 720 3519 s.
732 3477 850 3534 samem,
899 3461 938 3521 Et
952 3461 1024 3520 conf.
1034 3458 1072 3536 ll,
1084 3463 1125 3526 88
1138 3461 1195 3518 init
1215 3459 1392 3532 Quamquam

356 3539 536 3599 adservandis
547 3540 644 3603 loculis
651 3538 794 3626 (θήκαις)
801 3545 852 3604 de-
900 3547 1017 3606 verbum
1036 3541 1189 3620 σκευάζειν
1204 3561 1260 3602 non
1281 3547 1340 3600 tam
1353 3541 1391 3599 ad

357 3621 467 3683 stinata.
497 3624 716 3705 Valckenarius,
738 3631 786 3708 qui
799 3627 852 3689 loci
900 3632 979 3712 ipsus
1006 3631 1173 3692 necessarios
1197 3627 1322 3685 defuncti
1344 3645 1395 3686 eu·

357 3707 551 3768 difficultatem
569 3715 730 3794 perspexit,
758 3715 851 3775 conie-
900 3736 960 3777 ram
973 3723 1119 3794 gerentes,
1138 3729 1218 3789 qvam
1237 3711 1277 3769 ad
1296 3729 1393 3771 euram

358 3797 435 3851 cerat
467 3790 500 3854 lv
532 3791 674 3878 οἰκήματι
709 3802 849 3884 καινῷ,
899 3807 1010 3863 mortun
1036 3797 1243 3880 impendendam
1274 3803 1394 3875 spectat

358 3877 590 3954 quemadmodum
605 3884 688 3941 etiam
698 3884 773 3964 apud
780 3883 852 3943 Dio-
893 3887 958 3948 'Pru
974 3881 1170 3968 βουλομένους
1184 3880 1252 3940 olim
1270 3883 1391 3961 βουλευ-

358 3961 457 4021 donrm
483 3963 513 4039 l,
542 3967 584 4029 92
614 3973 712 4030 exstat.
755 3967 851 4030 Nolim
901 3969 1028 4054 μένους,
1056 3966 1128 4046 qnod
1149 3968 1185 4025 ab
1206 3968 1325 4044 antiqua
1337 3969 1391 4026 for·

358 4047 487 4124 equidem
498 4052 676 4127 pronuntiare
691 4053 762 4113 inre
777 4053 852 4114 dilli·
899 4076 947 4117 ma
967 4052 1125 4138 βονλὲομαι
1135 4053 1322 4132 repetendum
1337 4071 1391 4112 non

358 4131 588 4204 n'llima3videant
597 4138 751 4216 peritiores.
760 4137 850 4214 alios,
899 4137 1389 4220 displiuetSelrvveiglsaeusero.Nam

357 4217 428 4276 alter
448 4216 545 4276 Gallus
558 4217 711 4300 interpres,
736 4223 851 4283 sicver·
898 4228 978 4286 verbi
1006 4216 1208 4308 destituendus
1234 4223 1325 4282 nullus
1349 4223 1391 4283 lis

359 4301 408 4360 tit:
431 4299 523 4375 „ulum
537 4301 565 4362 la
578 4305 851 4390 clamdrsslpulcrale
900 4309 986 4370 loeus.
1032 4311 1116 4370 Conl'.
1130 4309 1172 4384 ll,
1185 4311 1236 4374 86·
1251 4307 1309 4383 Vl,
1322 4311 1368 4374 66.

359 4383 582 4488 deln'famllleffl
943 4390 1002 4475 τὴν
1018 4387 1387 4474 βὲιιολυιεληληνφεάγον·

402 4492 482 4537 ουτω
506 4469 563 4557 μὲν
583 4470 656 4554 roric
674 4473 711 4543 τά
729 4481 850 4544 uolass-
900 4477 965 4562 τας]
987 4478 1105 4558 Aliquot
1115 4479 1177 4541 libri
1193 4477 1386 4560 πολυτελείην,
