3048 5218
415 440 737 502 susurru.
780 441 816 500 ιι.
1032 439 1139 529 οιιιΥ

19 615 119 687 ο149
239 611 309 676 Τοῦ
337 609 373 676 δὲ
401 609 611 696 λαβυρίνθου
639 604 761 676 τούτου
787 602 901 683 ἐόντος
928 601 1096 684 αοιοότου,
1136 615 1347 724 Jssssl'Mffi

19 766 33 814 p:
140 733 267 815 θοόυμα
294 729 393 813 μέζον
419 726 593 814 παρέχεται
619 724 641 813 ἡ
663 726 810 810 Μοίριος
838 723 1018 812 καλεομένη
1045 725 1095 792 ίί-
1137 680 1345 823 ffg'ffifflffipm

19 887 31 922 η
141 873 228 936 μνη,
250 846 327 932 παρ’
347 847 390 936 ἢν
411 844 651 934 όλαβόρινδος
672 837 771 924 οὗτος
792 841 1016 932 οίιιοδόμηται.
1038 847 1096 930 τῆς
1136 820 1347 976 ἱξῖιὲἱὶῗόδῖἓ

22 1009 30 1046 ι
141 970 182 1037 τὸ
204 971 399 1055 περίμετρον
427 973 486 1056 τῆς
506 967 665 1051 περιόδου
687 965 750 1033 elci
777 963 905 1032 στάδιοι
932 959 1347 1069 ἑξακόσιοιὸομῃιᾶξὼιὴνῑιῧξω

1138 1079 1237 1132 quartur
1256 1086 1283 1118 οι
1296 1074 1347 1118 lecu

1136 1126 1234 1230 mpla·
1247 1137 1347 1182 proven·

233 1343 316 1422 c...
340 1338 469 1401 cm.
648 1293 1141 1456 eltetlrzelletls

144 1465 303 1551 παρέχεται
315 1466 480 1549 ἡΜοίριος
495 1469 599 1528 καίεο·
648 1475 708 1540 tur,
736 1484 903 1542 quamquam
923 1466 952 1522 iu
972 1466 1039 1542 ipsis
1060 1465 1144 1546 terris

98 1552 177 1634 μόνη
201 1553 311 1632 λίμνη]
334 1554 401 1612 Aliis
418 1547 597 1630 scriptoribus
648 1551 854 1624 adiacentibus,
876 1569 949 1626 quae
968 1548 1142 1608 nunciucul-

102 1649 149 1698 est
163 1640 317 1718 Μοίριδος
336 1639 441 1719 λίμνη,
463 1638 598 1698 Moeridis
650 1645 695 1696 tae
710 1642 785 1710 sunt,
796 1643 825 1694 et
837 1635 978 1694 meridiem
990 1641 1020 1694 et
1030 1640 1142 1713 septen-

103 1725 209 1801 (prisci
232 1723 303 1782 illius
319 1726 409 1800 regis,
439 1725 487 1803 qui
508 1725 598 1783 lacum
647 1724 768 1781 trionem
794 1740 889 1780 versus
916 1739 934 1778 a
961 1721 1023 1779 luen
1051 1720 1143 1779 adbuc

105 1809 250 1884 effecerit)
273 1808 354 1866 ίοαιι.
399 1810 476 1869 luter
489 1816 598 1869 veteres
649 1811 809 1886 comparent
830 1806 962 1882 vestigia,
983 1823 1055 1882 qnae
1070 1804 1144 1863 bunc

104 1895 255 1972 praecipue
267 1893 425 1952 consulendi
437 1903 502 1954 sunt
517 1896 598 1953 Stra-
648 1899 749 1952 terram
783 1891 862 1968 aquis
899 1891 965 1949 olim
1006 1891 1143 1950 obtectam

19 2027 21 2052 ,
104 1980 140 2038 bo
161 1979 243 2038 XVll
262 1999 291 2057 p.
313 1982 375 2043 809
394 2000 416 2037 s.
439 1982 520 2045 1163
537 1999 596 2056 seq.
648 1978 735 2037 fuisse
749 1978 908 2036 ostendunt.
931 1975 1141 2035 Coutlcmurd.

101 2064 244 2123 Diodorus
265 2064 296 2136 l,
320 2066 360 2128 52
379 2063 440 2144 coll.
462 2065 597 2144 Pompon.
649 2063 667 2121 l.
686 2063 703 2120 l.
728 2081 795 2142 pag.
808 2061 850 2127 84
870 2081 928 2139 seq.
972 2063 1043 2120 Cum
1066 2061 1140 2121 cuim

100 2149 204 2224 Mell,
220 2154 248 2214 9.
272 2149 383 2207 Pliub.
399 2149 524 2222 n.V‚9;
545 2170 597 2208 no-
648 2148 713 2207 olim
732 2150 820 2206 maior
839 2165 973 2224 aquenum
985 2147 1026 2206 vis
1043 2165 1060 2205 e
1075 2146 1141 2206 Nilo

102 2241 160 2293 stra
172 2241 266 2294 aetate
289 2237 410 2292 omnium
427 2236 598 2293 aocuatissi-
645 2253 698 2314 per
711 2233 835 2292 canalem
854 2235 883 2290 iu
904 2232 992 2291 laeum
1004 2237 1079 2292 esset
1091 2233 1141 2291 de-

102 2340 149 2378 me
171 2322 208 2378 de
226 2319 287 2378 lacu
309 2320 463 2399 disputavit
478 2319 596 2378 lomard.
647 2321 732 2378 ducta
746 2319 816 2397 (quo
828 2318 889 2396 ipsc
907 2323 1066 2396 spectarunt
1084 2313 1142 2377 lle-

104 2404 148 2461 in:
170 2407 275 2478 „mern
290 2425 336 2463 sur
348 2405 374 2464 le
388 2405 432 2464 lac
446 2406 482 2464 de
492 2404 596 2464 Moeris
650 2405 757 2482 gyptii‚
778 2411 811 2462 ut
829 2409 857 2462 et
878 2403 945 2462 alius
958 2403 1087 2479 regiones
1102 2403 1146 2462 ni-

106 2491 235 2565 compare
265 2509 301 2547 au
321 2490 364 2548 lac
391 2492 428 2548 de
451 2491 599 2567 Fayoum“
650 2491 705 2547 mia
722 2509 855 2566 aquarum
884 2489 963 2567 copia
986 2489 1144 2549 laborantes

106 2573 239 2652 descript
255 2574 291 2632 de
303 2573 374 2649 l’Eg.
388 2576 493 2650 antiqq.
513 2575 570 2632 livr.
585 2575 600 2633 1
649 2574 814 2648 liberarent,
832 2581 861 2633 et
873 2574 940 2632 alias
955 2592 1088 2650 uquarum
1101 2574 1145 2630 in·

102 2678 131 2736 p.
150 2661 193 2722 79
205 2677 283 2734 seqq.
297 2659 358 2716 coll.
379 2659 439 2717 livr.
456 2660 493 2717 lll
507 2661 544 2734 (t
559 2660 599 2736 ll)
652 2661 717 2737 opib
736 2661 892 2720 laborantes
913 2657 1057 2718 fertiliores
1078 2659 1144 2716 red·

103 2743 181 2821 cbap.
195 2743 273 2802 XVll
294 2752 360 2803 sect
375 2743 413 2802 lll
438 2765 466 2822 p.
487 2745 512 2803 ll
534 2743 563 2825 ἕ.
575 2749 596 2808 1
650 2746 764 2818 derent;
786 2747 821 2804 cl.
836 2745 934 2809 Rider.
950 2744 969 2803 l.
985 2742 1003 2802 l
1017 2764 1045 2822 p·
1055 2743 1143 2819 807),

101 2847 169 2908 pag·
190 2834 230 2894 27
254 2849 313 2906 seq.
362 2828 436 2888 Add.
457 2830 598 2890 Mauuert
650 2837 683 2888 ut
699 2849 811 2909 campos
826 2831 982 2890 adiacentes
996 2828 1145 2889 inundaret

102 2908 211 2990 Geogr.
231 2915 282 2973 der
304 2915 355 2972 Gr.
378 2936 406 2972 u.
424 2915 507 2973 Riirn.
525 2917 563 2990 X,
580 2919 598 2980 1
651 2934 783 2992 aquarum
797 2917 894 2993 copia,
905 2935 979 2974 nunc
990 2914 1076 2973 multo
1090 2914 1144 2974 mi·

101 2999 205 3076 p-422
221 3017 279 3074 seq.
295 3006 324 3057 et
335 3001 484 3077 praecipue
498 3001 598 3060 Ritter.
649 3018 702 3058 nor
727 3019 860 3078 aquarum
882 3002 925 3058 vis
954 3019 1004 3078 per
1020 2999 1142 3076 losepbi,

102 3083 253 3141 Erdlnnd.
269 3082 360 3160 lpag.
375 3086 437 3146 803
452 3104 531 3160 seqq.
559 3084 600 3144 Ac
650 3086 697 3161 qui
718 3087 840 3157 dicitur,
876 3082 998 3143 canalem
1018 3100 1052 3142 ex
1074 3082 1142 3141 Nilo
1270 3113 1273 3122 .

101 3169 215 3228 videtur
226 3169 323 3225 namra
336 3168 448 3244 quidem
461 3170 547 3228 fuisse
561 3169 602 3226 lu·
651 3171 755 3230 intrare
767 3171 881 3242 dicitur,
903 3169 977 3227 unde
995 3168 1145 3226 accedente

103 3273 165 3326 cus,
186 3252 235 3328 qui
248 3261 307 3312 arte
318 3253 438 3311 bumana
452 3256 602 3314 accedente
652 3275 765 3332 quoquc
797 3255 927 3314 contiuua
958 3251 1144 3324 exhalatione,

102 3344 171 3416 post
206 3356 269 3395 euru
296 3339 324 3395 in
352 3339 482 3396 ambitum
508 3341 603 3414 crevit,
653 3339 743 3399 lacum
760 3342 847 3418 magis
868 3340 1013 3415 magisque
1032 3336 1147 3395 diminui

102 3442 190 3499 quem
201 3423 361 3481 Herodotus
377 3423 478 3501 aliique
489 3426 602 3503 praedi·
653 3425 782 3485 credibile
802 3427 860 3485 fiat.
906 3425 1081 3484 Documento
1101 3425 1147 3480 est

100 3513 177 3567 caut.
220 3507 284 3566 Vid.
299 3508 464 3585 Wesseling.
482 3511 519 3568 ad
532 3509 604 3570 Dio-
652 3510 714 3587 ipsa
725 3510 800 3569 lacus
813 3529 886 3588 aqua
899 3509 988 3584 salse,
1009 3525 1082 3584 quae
1094 3526 1146 3566 un-

102 3593 166 3651 dor.
177 3591 207 3663 l,
220 3592 270 3658 51.
313 3593 443 3652 Cernitur
455 3595 545 3653 adbuc
560 3594 602 3652 la·
652 3596 764 3673 tiquitus
782 3595 856 3654 nulla
869 3595 897 3652 iu
919 3593 1050 3653 coluisse
1067 3593 1146 3651 vide·

103 3696 169 3750 cus,
186 3679 296 3737 nomine
310 3677 601 3751 Barea-eceman,
652 3686 713 3755 tur,
734 3699 794 3738 cum
814 3681 914 3739 multos
934 3677 1085 3738 crocodilos
1099 3675 1145 3736 ille

101 3764 321 3839 septentrionem
346 3783 440 3824 versus
469 3766 504 3822 ab
532 3767 602 3825 urbe
652 3765 764 3840 uleret,
806 3784 876 3841 quos
905 3766 935 3822 in
961 3781 1035 3842 aqua
1073 3762 1147 3821 salsa

99 3847 411 3925 Medinatchuyoum
425 3850 601 3929 proficiscen·
653 3851 765 3908 omnino
782 3869 839 3908 uon
865 3850 998 3910 invenias.
1041 3847 1147 3906 Confer

97 3933 181 3991 tibus
210 3933 237 3992 in
262 3934 325 4010 ipso
346 3934 453 4011 Libyae
480 3934 602 4007 deserto,
652 3933 830 3994 Munuertum
847 3933 864 3994 l.
887 3933 905 3992 l.
926 3953 993 4013 pag.
1006 3931 1070 3998 428
1086 3951 1145 4009 seq.

98 4019 199 4096 specie
216 4018 296 4077 valde
317 4022 423 4077 mutati
441 4019 603 4095 ambituque
652 4015 858 4096 Sed'piscibuc
886 4020 1028 4078 abundare
1057 4017 1147 4076 lecum

97 4103 281 4162 vehementer
291 4104 441 4163 deminuto.
463 4106 519 4174 Qui
530 4104 602 4162 euim
651 4103 778 4180 probavit
798 4123 886 4183 nuper
905 4103 940 4162 L.
957 4105 994 4162 de
1014 4101 1146 4161 Laborde

98 4186 172 4245 olim
190 4188 321 4246 ambitum
340 4190 527 4266 quadraginta
542 4188 603 4247 ruil-
652 4190 681 4247 in
701 4207 785 4247 revue
801 4190 937 4265 iranqaice
960 4189 1043 4253 1829
1066 4187 1143 4264 janv.

96 4272 242 4331 liariorurn
273 4273 443 4332 Gallicorum
471 4274 601 4350 (lienes)
651 4293 717 4353 pag.
730 4277 780 4338 67.

98 4357 235 4416 habuisse
253 4358 376 4432 videtur,
406 4360 445 4417 ita
463 4364 495 4416 ut
513 4357 602 4419 lacum
694 4359 750 4435 τῆς
768 4352 803 4420 τό
823 4355 1001 4439 περίμετρον
1017 4355 1074 4433 τῆς
1093 4373 1145 4415 νιε-

99 4441 260 4502 Leruauum
277 4445 336 4503 sere
355 4451 504 4522 aequaret,
525 4445 549 4502 is
561 4445 602 4502 vi·
653 4437 755 4524 ριόδου
771 4439 828 4505 elul
844 4463 871 4504 ιι.
886 4464 912 4503 r.
927 4444 965 4514 ί.]
990 4440 1035 4502 De
1047 4437 1145 4520 plurali
