3048 5218
489 423 883 488 surenas-11.
1088 431 1152 494 ’189

201 585 260 658 s‘m'
282 588 361 676 ἐμοῦ
388 589 452 658 lut·
468 589 611 683 τοιούτῳ
632 590 813 679 πρήγματι,
848 588 922 662 τότε
947 581 995 659 ὦν
1013 577 1073 658 ιιιιῖ
1089 592 1150 679 τήν

176 712 286 796 itioris
310 709 488 796 ἐκφέρουσι
517 709 549 789 ts
577 709 616 778 cd
644 735 726 796 φιις.
770 712 854 799 φασὶ
881 708 946 797 yde
975 710 1016 796 δή
1044 705 1148 797 αὐτὴν

198 831 361 917 δεηθῆναι
386 835 448 898 τοῦ
474 830 597 915 πατρὸς
623 832 819 916 Μυκερίνου
851 826 1143 918 ἀποθνήσκουσαν,

151 1107 333 1168 odedruiant:
370 1106 521 1186 Pasiphaes
555 1116 647 1168 autem
697 1108 768 1168 iecta
801 1107 926 1167 buculam
966 1107 1186 1186 ingeniculatam,

152 1193 293 1270 flag'tiosa
313 1191 408 1252 sabula
425 1200 516 1251 ortum
539 1193 647 1253 duxerit
696 1191 835 1269 velatam,
869 1194 1008 1271 quomodo
1025 1195 1185 1254 Herodotus

153 1297 189 1340 ex
208 1279 283 1340 verm
308 1278 440 1356 temporis
463 1278 645 1354 solemnitate,
696 1278 825 1338 describit
844 1273 905 1337 nrm
924 1279 1000 1338 disco
1017 1279 1100 1338 solari
1114 1281 1196 1338 inter'
1233 1270 1235 1279 ⁴

152 1362 207 1442 qud
231 1365 259 1422 iu
284 1362 394 1441 templis
420 1357 478 1442 τήν
498 1356 645 1444 Ὀσίριδος
695 1382 797 1421 cornua
809 1362 910 1422 locato.
934 1363 1021 1438 (Sunt
1032 1364 1116 1422 verba
1124 1365 1185 1441 ipsa

149 1447 278 1529 ἔμβασιν
302 1447 345 1521 εἰς
363 1443 421 1526 τήν
436 1443 565 1525 σελήνην
584 1457 644 1508 arte
696 1446 839 1506 Gallorum
854 1449 937 1508 haec:
959 1447 1005 1522 „il
1018 1449 1103 1522 suffit,
1114 1468 1184 1525 pour

149 1535 259 1594 scenica
272 1535 553 1612 repraesentabaut“.
566 1533 646 1592 Hac-
693 1533 764 1592 ainsi
784 1533 868 1609 dire,
898 1534 934 1592 de
951 1533 1034 1608 jetter
1053 1532 1093 1591 les
1113 1551 1196 1608 yeux¹

149 1625 236 1677 tenus
272 1617 446 1690 Credamus,
479 1619 644 1696 quibuscum
693 1635 740 1675 sur
753 1617 781 1676 la
796 1619 934 1696 peinture,
949 1618 1102 1676 doutnous
1118 1638 1183 1698 par-

152 1703 270 1773 confer,
298 1721 369 1776 quae
385 1704 414 1760 in
435 1703 584 1782 Symbolic.
605 1703 643 1762 lV
692 1701 765 1777 lons,
778 1721 849 1778 pour
862 1702 991 1762 s'assurer
1002 1702 1183 1762 desonideu-
1218 1706 1223 1716 “

152 1805 220 1865 pag·
235 1791 297 1851 227
312 1805 387 1862 seqq.
409 1787 543 1864 leguntur.
586 1788 643 1857 Qui
691 1787 741 1845 nte
756 1805 824 1846 avec
836 1787 862 1848 le
879 1787 965 1847 ooffre
981 1786 1113 1866 sepulcral
1132 1787 1182 1847 de-

150 1872 225 1929 idem
240 1890 258 1930 e
272 1874 451 1931 monumentis
466 1873 642 1952 Aegyptiacis
692 1873 743 1931 crit
763 1867 815 1951 par
831 1872 985 1931 Herodote.
1032 1871 1182 1932 L'attitude

148 1955 261 2015 subulae
289 1956 471 2016 testimonium
495 1978 642 2036 quaereus,
692 1956 902 2032 delageuisse
923 1955 1098 2035 ladraperie‚
1112 1959 1182 2016 dont

146 2040 221 2100 hunc
234 2042 262 2098 in
279 2042 394 2098 modurn
414 2044 515 2118 perg't:
536 2043 642 2116 „Divi-
690 2060 743 2099 son
754 2061 835 2120 corps
849 2048 893 2100 est
905 2048 1033 2116 convert,
1043 2041 1069 2101 le
1082 2043 1180 2118 disque

144 2144 198 2185 nos
217 2133 312 2185 autem
332 2126 452 2184 honores
472 2145 568 2188 vaceae
588 2130 641 2188 im-
689 2128 759 2204 pose
772 2136 851 2186 entre
865 2125 905 2186 les
917 2146 1024 2198 cornea,
1035 2133 1096 2184 tout
1109 2128 1179 2185 daus

144 2211 262 2290 perlitos
276 2211 436 2286 reliquaque
447 2213 551 2284 omnia,
568 2232 639 2290 quae
689 2218 770 2269 notre
800 2211 894 2269 dessin
923 2218 965 2270 est
985 2213 1123 2270 conforme
1143 2230 1179 2269 au

144 2295 324 2354 Herodoteus
343 2294 420 2354 locus
448 2297 485 2355 de
505 2295 638 2374 Mycenni
688 2296 755 2354 recit
767 2295 803 2354 de
819 2295 1012 2372 l'historieu.“)
1039 2295 1118 2354 llaec
1131 2297 1178 2373 qui

145 2379 245 2438 bonta
263 2381 340 2438 sacra
358 2379 458 2452 habet,
487 2381 525 2439 ad
546 2381 638 2440 oculo-
687 2379 805 2456 legerit,
841 2382 865 2440 is
893 2388 969 2440 extra
998 2380 1177 2439 dubitationis

145 2483 209 2524 rum
241 2484 349 2524 sensum
378 2466 492 2544 exponit
524 2469 637 2544 egregie
686 2465 775 2524 aleam
796 2466 851 2524 iam
872 2467 991 2543 positum
1016 2466 1177 2542 suspicetur,

145 2548 221 2623 icon,
244 2569 326 2624 quam
341 2549 465 2609 Venetiis
484 2557 636 2611 exstantem
686 2551 769 2609 etiam
781 2556 845 2628 post
857 2551 961 2609 obitsun
972 2552 1001 2609 iu
1017 2550 1119 2608 buculis
1131 2569 1176 2610 se·

144 2652 180 2694 cx
194 2631 300 2693 Pricaei
313 2637 510 2693 commentario
526 2637 563 2700 ad
577 2635 636 2713 ap
686 2633 834 2712 pelieudos
852 2655 882 2694 se
899 2651 1009 2695 curasse
1021 2633 1175 2712 Aegyptio-

143 2717 264 2798 puleium
277 2719 438 2779 Herodoteo
454 2719 515 2779 loco
531 2721 636 2798 primus
685 2740 745 2778 rum
761 2720 867 2798 aliquot
884 2740 965 2796 reges
984 2721 1088 2778 aliosve
1110 2739 1175 2797 pro-

142 2803 307 2862 adiecitlac.
319 2803 488 2879 Gronovius,
507 2812 637 2883 repeten-
686 2824 771 2864 ceres.
813 2806 904 2881 Regia
925 2806 998 2865 euim
1021 2805 1175 2864 conditoria

142 2887 264 2962 mque
278 2890 380 2949 natavit
398 2890 427 2946 in
452 2910 502 2948 sua
514 2890 637 2950 editione
685 2888 767 2948 uobis
795 2890 974 2950 exhibuerunt
996 2889 1069 2949 illam
1095 2907 1174 2947 arcu

141 2971 321 3048 wesseling,
333 2993 406 3032 nunc
416 2989 573 3050 serouegre
585 2976 637 3035 ‹le-
685 2973 769 3032 lam.“
800 2975 880 3032 llaec
890 2976 1058 3048 Creuzerus,
1075 2972 1172 3050 Apidis

142 3056 295 3115 sideramus
314 3057 342 3114 in
360 3057 481 3116 editione
497 3058 637 3136 Schweig·
685 3058 753 3117 dein
769 3059 935 3118 mentionem
954 3058 1069 3128 iaciens,
1091 3075 1173 3132 quem

141 3139 279 3199 haeuseri.
319 3139 412 3217 Magis
436 3148 527 3200 autem
553 3143 637 3204 debet
685 3143 768 3202 etiam
782 3141 968 3220 sarcophagus
982 3141 1095 3200 buculae
1115 3141 1173 3197 for·

143 3243 199 3282 nos
218 3226 361 3284 advertere
373 3225 438 3284 illud
458 3227 534 3304 quod
547 3246 636 3306 nuper
683 3247 757 3286 mam
771 3247 839 3307 prae
854 3247 885 3286 se
905 3228 996 3286 ferens
1009 3224 1172 3298 designasse

141 3309 295 3368 admodum
308 3311 346 3368 ad
364 3311 551 3371 Herodoteam
570 3333 636 3372 nur·
682 3313 811 3391 potuerit
852 3311 942 3385 „Hoc
975 3311 998 3369 si
1033 3309 1171 3380 statuas,“

140 3395 281 3453 rationem
307 3395 469 3454 linnandam
496 3397 634 3476 explican-
682 3399 775 3475 pergit
786 3397 940 3456 Creuaerus
957 3396 1170 3474 p.130„,pos·

139 3479 263 3555 damque
280 3497 313 3537 ex
322 3479 467 3539 Thebaicis
480 3481 633 3560 hypogaeis
683 3483 721 3540 sis
734 3500 864 3542 eumaem
876 3481 918 3540 ita
930 3479 1074 3559 explicare,
1086 3485 1170 3538 utre-

140 3569 274 3624 erueruut
284 3572 400 3641 arteque
413 3566 527 3644 pictoria
538 3566 634 3627 lineari
682 3587 732 3643 ges
739 3565 891 3644 Aegyptios
902 3567 976 3624 dicas
983 3570 1048 3643 post
1055 3571 1170 3623 mortem

141 3648 353 3708 describendum
377 3658 539 3710 curaverunt
557 3653 634 3711 docti
681 3670 774 3710 secum
788 3651 918 3710 habuisse
932 3650 1049 3709 bovinae
1064 3651 1169 3708 formae

142 3734 362 3810 peregrinatores
373 3733 556 3811 Franoogalli.
590 3736 633 3795 llli
680 3737 791 3811 cistam,
819 3755 876 3812 quo
899 3742 992 3795 esseut
1016 3736 1097 3794 etiam
1116 3734 1169 3793 hoc

142 3817 255 3876 enimin
276 3837 377 3896 opere:
408 3821 577 3897 description
595 3821 632 3880 de
680 3827 762 3899 pacto
777 3815 927 3900 dpo‘ropos
943 3811 1102 3898 Ὀσίριδος,
1125 3825 1169 3876 ut-

140 3901 260 3978 l’Egypt.
275 3906 381 3980 antiqq.
408 3903 463 3963 vol.
482 3905 508 3962 ll
525 3925 553 3982 p.
569 3908 630 3971 169
680 3910 747 3982 pote
766 3908 841 3964 cuius
856 3903 1028 3964 simulacrum
1041 3903 1109 3983 Apis
1123 3921 1168 3962 es-

140 3983 247 4045 Thebis
268 3989 406 4066 reperisse
436 4009 467 4048 se
496 3993 633 4048 testantur
680 3991 752 4047 set.“
793 3989 839 4048 Ad
853 3989 971 4067 Apidem
984 4007 1168 4064 quoqueper-

139 4071 170 4128 in
191 4079 309 4148 angusto
336 4073 458 4131 conclavi
480 4073 568 4150 quinti
587 4092 631 4133 se·
680 4075 750 4133 tinet
770 4073 833 4131 solis
854 4076 946 4133 disum
968 4075 1040 4131 inter
1067 4090 1168 4130 cornua

138 4153 226 4233 pulcri
254 4175 350 4232 regum
386 4175 477 4216 arcam
510 4157 632 4231 semim,
680 4158 758 4216 bovis
771 4157 890 4230 locatus3
911 4158 941 4217 id
956 4157 1032 4234 quod
1052 4157 1080 4213 in
1094 4155 1167 4214 haud

138 4259 213 4316 quae
229 4241 358 4300 omuibus
376 4242 405 4300 in
425 4243 508 4301 rebus
529 4241 632 4301 desed-
679 4243 773 4320 paucis
782 4241 881 4301 tabulis
889 4239 1167 4316 iconibusqneetiam-

137 4325 227 4404 ptioni
242 4325 420 4385 Herodotese
433 4345 632 4403 usquequaque
680 4345 747 4386 num
766 4327 881 4386 amatis
901 4327 996 4388 videre
1011 4325 1090 4396 licet3
1111 4324 1165 4384 vid.

138 4415 314 4488 congrueret.
334 4409 375 4470 Et
390 4412 465 4470 sistit
474 4409 567 4472 tabula
580 4412 631 4472 ad-
679 4411 846 4474 Creuaerum
861 4413 963 4491 p.137
980 4415 1038 4471 uot.
1054 4410 1123 4475 113.
