2996 5184
394 426 458 492 184
691 415 1044 480 nssnouo'rs

392 609 464 657 νων
484 581 607 668 Σύριοι
628 580 862 671 ὀνομάζονται·
882 574 968 671 ἦσαν
990 581 1027 651 δὲ
1046 583 1081 652 oi
1093 576 1216 666 Σύριοι
1237 569 1345 660 ositos,

393 706 432 776 κύ
458 705 518 804 μὲν
539 700 702 791 πρότερον
729 701 908 792 ἢΠίρσας
936 697 1049 788 ἄρξαι,
1082 698 1213 787 Μήδων
1241 697 1346 786 κατή-

372 837 487 925 κιιοοι,
508 821 582 892 suisa
601 823 639 892 δὲ
659 821 789 910 Κύρου.
825 822 845 893 ὁ
865 821 931 911 γὰρ
952 812 1054 906 οὖρος
1074 812 1117 910 ἧν
1134 825 1192 908 τῆς
1212 843 1247 890 τι
1267 823 1348 906 Mq-

278 999 280 1002 -
391 947 486 1031 δικῆς
506 941 607 1032 ἀρχῆς
632 943 690 1012 καί
718 949 778 1032 τῆς
797 945 943 1030 Λυδικῆς
965 939 984 1010 ὀ
1003 940 1102 1022 ’Ἅλυς
1121 938 1284 1027 novando·
1305 936 1346 1020 ὃς

319 1071 331 1094 ’
393 1062 463 1151 ῥέει
482 1063 515 1147 ἐξ
532 1060 703 1151 Ἀρμενίου
724 1059 842 1150 οὔριος
861 1063 916 1133 out
928 1061 1088 1131 Κιλίκων·
1105 1059 1185 1152 μετὰ
1199 1059 1251 1144 οὲ,
1266 1065 1387 1130 Moe-8⁰

259 1311 261 1336 ³
803 1313 820 1349 s

351 1372 396 1428 est
406 1365 508 1426 Strabo
517 1363 584 1424 XIV
596 1365 694 1442 pam
706 1383 730 1424 s.
748 1367 841 1438 1071,
890 1363 1058 1442 oonsptrant
1087 1359 1181 1431 Quare
1196 1359 1263 1420 nihil
1277 1364 1382 1420 mre

350 1453 391 1514 A:
412 1451 500 1514 δοκεῖ
520 1441 553 1511 δὲ
585 1442 622 1511 τύ
644 1453 708 1511 τοῖν
730 1444 842 1530 Σύρων
889 1465 973 1508 ausum
993 1467 1063 1507 sum.

350 1531 450 1614 ὄνομα
468 1534 615 1596 διατεῖναι
637 1527 700 1600 uiuo*
718 1532 843 1615 μίντῆς
932 1523 1013 1612 ἦσαν
1036 1527 1070 1594 tt
1092 1529 1126 1594 oi
1144 1523 1270 1612 Σύριοι]
1303 1521 1386 1610 ἦσαν

349 1620 546 1700 Βαβυλωνίας
568 1617 653 1724 μίζρι
678 1623 736 1682 τοῦ
760 1615 842 1682 Ἰσοι-
890 1620 928 1678 ob
940 1618 1070 1677 librorum
1087 1617 1249 1695 scriptomm
1266 1636 1388 1676 eonsen-

350 1707 409 1770 κού
440 1698 571 1769 κόλπου·
598 1699 658 1767 αιιό
677 1699 711 1766 δὲ
729 1698 840 1770 τούτου
891 1723 952 1762 sum
975 1700 1155 1782 praetulimus
1188 1701 1317 1778 vulgatae
1346 1702 1387 1763 ie·

350 1788 436 1894 μίχρι
467 1795 525 1854 τοῦ
549 1781 700 1864 Εύξείνου
725 1787 760 1855 τὸ
784 1813 840 1853 πα.
890 1787 973 1848 otioni
994 1785 1086 1863 ἔσαν,
1108 1805 1182 1863 quae
1198 1785 1300 1846 alaim
1315 1807 1387 1866 pro-

349 1881 449 1940 λιιιον.
464 1875 841 1956 Quuarecappadocesidnu
889 1877 994 1954 pagata
1006 1877 1074 1933 emt
1384 1918 1388 1926 .

349 1963 430 2024 addit
453 1960 645 2038 Leuoosyros,
670 1962 689 2022 i.
711 1981 737 2024 e.
761 1962 841 2022 albos
932 1956 994 2036 (ίίει
1028 1955 1060 2032 ἐξ
1086 1947 1244 2039 Ἀρμενίου
1275 1951 1386 2036 οὔρεος

323 2048 437 2126 Ιὅριοι
462 2046 572 2121 vooaui,
609 2045 718 2126 aliaque
746 2053 842 2108 munet
890 2038 942 2106 timi
958 2038 1109 2120 Κιλίκων]
1137 2041 1243 2100 Montis
1265 2041 1387 2102 Amans

317 2135 319 2144 '
348 2133 386 2194 de
399 2132 495 2210 sym,
513 2131 561 2208 qui
571 2129 716 2209 Babylone
726 2149 759 2192 ao
771 2131 839 2192 Nini
888 2128 963 2189 nulla
991 2128 1056 2189 aiibi
1080 2127 1201 2202 mentio,
1228 2127 1281 2185 nisi
1310 2127 1382 2208 apud

348 2235 464 2296 regnum
478 2216 676 2276 mustitueuint
710 2215 841 2293 Namque
889 2233 974 2272 unum
995 2211 1291 2291 Dinonys.Pe1ieget.
1312 2213 1383 2288 694,

348 2298 765 2379 omnes,quotquotAramaioae
778 2303 842 2360 stir-
889 2299 938 2356 nbi
956 2297 1055 2358 Phasis
1079 2298 1144 2357 iude
1161 2300 1300 2377 profluere
1316 2299 1386 2358 diti·

347 2387 393 2467 pis
404 2383 540 2444 habentur
556 2383 840 2462 gentes,hoonomi-
888 2387 943 2441 tur.
986 2383 1080 2452 Quare
1121 2384 1272 2462 suspicatur
1312 2381 1386 2441 Lar-

346 2489 385 2530 ne
411 2470 575 2547 designatae
607 2487 671 2530 esse
700 2471 841 2530 videatur.
889 2467 1005 2542 cherua,
1033 2467 1147 2527 indicaui
1159 2467 1245 2527 Tauri
1261 2466 1379 2544 aliquem

347 2555 549 2636 Cappadoces,
573 2552 622 2630 qui
649 2555 687 2614 ad
713 2555 841 2616 Armeni·
889 2549 1012 2612 nioutom
1035 2554 1064 2612 in
1088 2551 1200 2629 Cilicia,
1228 2551 1379 2626 intelligen-

346 2659 424 2716 oum,
449 2659 522 2718 quae
540 2657 599 2724 non
620 2637 674 2700 aiis
691 2647 736 2702 ost
755 2645 840 2718 atque
889 2639 998 2716 duaque
1020 2659 1085 2700 esse
1105 2639 1217 2698 omnino
1234 2637 1383 2698 Anueuiae

346 2725 508 2799 Aramaioa,
542 2723 656 2803 stirpem
689 2725 838 2806 pertinent,
889 2742 962 2802 quae
979 2743 1053 2784 nuno
1067 2731 1180 2783 vocatur
1199 2732 1288 2785 terrae
1301 2741 1385 2781 mou-

345 2809 421 2870 haud
435 2809 514 2868 aliter
526 2808 592 2869 indo
607 2811 682 2888 Syrii
695 2811 838 2890 appellau-
888 2814 932 2868 tes
956 2809 1010 2887 (os.
1030 2809 1114 2870 Tom.
1134 2807 1201 2868 VIII
1228 2827 1286 2888 pag
1312 2807 1386 2884 50).

346 2901 392 2954 tur
403 2900 489 2969 atque
501 2893 521 2952 ii
535 2893 617 2972 Syn'i,
636 2896 683 2973 qui
692 2898 733 2964 ad
746 2896 838 2959 'I'her-
888 2891 978 2954 Muto
993 2894 1144 2955 aunuatim
1164 2894 1193 2954 in
1210 2893 1281 2954 haec
1292 2895 1386 2970 inqui-

344 2979 506 3038 mudoutem
527 2978 705 3056 habitabant,
738 2989 787 3042 aut
809 2983 838 3058 ii,
888 2977 953 3040 sivit
982 2979 1081 3040 Iiitter.
1111 2978 1266 3039 Emiisunde
1298 2977 1334 3038 T.
1356 2977 1386 3037 II

345 3061 771 3142 quiPalaestinnuhabitubant,
792 3067 838 3127 alii
887 3084 954 3155 pag.
966 3069 1039 3132 716·
1067 3063 1123 3134 Qui
1144 3055 1236 3146 οὖρος
1250 3061 1307 3123 ut
1323 3083 1382 3122 νῦν

344 3147 441 3230 popuii
464 3149 538 3210 intra
559 3149 636 3209 fines·
656 3155 740 3213 modo
763 3153 838 3212 indi-
889 3152 993 3212 denuo
1008 3157 1117 3224 monte,
1138 3151 1236 3211 sedde
1249 3150 1385 3208 montium

336 3242 430 3295 ¹ratos.
479 3235 564 3294 Cous.
595 3235 759 3305 Biliosbedu.
791 3237 838 3300 De
886 3235 1384 3380 traetuinteiligeudummmonet,

343 3319 428 3382 Asiae
463 3320 606 3402 Herodot,
646 3323 837 3384 difficilioribb.
886 3338 979 3398 neque
994 3320 1075 3380 alium
1097 3319 1142 3380 hio
1163 3322 1193 3380 in
1269 3321 1384 3379 'mon-

344 3405 472 3481 Gotting.
491 3404 586 3478 1794,
596 3425 663 3486 pag·
687 3407 717 3472 4·
744 3407 838 3468 Suebo
886 3411 957 3482 tem,
984 3407 1038 3465 nisi
1069 3403 1254 3486 Pmyudrsm,
1284 3406 1382 3479 (undo

342 3488 482 3568 Descuipt.
501 3486 603 3549 Penio
628 3491 725 3569 imper.
745 3491 837 3569 (IIei-
884 3489 955 3551 alter
973 3493 1095 3570 profluat
1114 3491 1221 3570 Halym
1250 3494 1315 3552 fons
1336 3509 1380 3550 se·

343 3573 466 3650 uuum.
482 3573 580 3651 1816)
602 3593 669 3652 pag.
687 3576 757 3644 104.
776 3579 836 3638 no
884 3576 1077 3656 ptumum.
1106 3583 1218 3656 praeter
1243 3557 1381 3638 summ

342 3658 472 3716 rodoman
490 3665 583 3718 autem
597 3659 635 3718 de
648 3658 778 3722 Armenia
792 3661 836 3722 hio
883 3681 907 3719 s.
918 3662 1026 3740 Sinas)
1048 3661 1091 3722 vel
1099 3663 1236 3740 Aegaeum
1249 3669 1382 3736 monton,

342 3741 418 3820 ioqui
433 3748 518 3820 utque
532 3743 629 3804 inoolis
648 3745 729 3805 huius
747 3753 838 3807 tersae
887 3746 935 3823 qui
955 3746 1105 3808 altissimus
1124 3751 1246 3809 omnium
1266 3748 1320 3806 iiiio
1340 3749 1385 3808 di·

341 3827 557 3905 antiquissimis,
583 3829 633 3906 qui
655 3831 765 3892 Graeoo
785 3851 836 3890 no·
887 3838 965 3890 catur
998 3834 1148 3910 montium,
1188 3853 1223 3894 ex
1258 3835 1317 3912 quo
1353 3833 1386 3894 iu

341 3912 415 3972 mine
429 3913 554 3972 dicanun
565 3913 654 3990 Syn’i,
675 3915 835 3995 satispatet
886 3923 1032 3998 utrumque
1051 3937 1129 3980 maro
1147 3924 1243 4000 pateat
1261 3937 1381 3997 prospe-

341 3997 424 4057 Plura
437 3996 555 4060 nunu.
570 3998 675 4078 Geogr.
693 4001 720 4059 d.
729 4001 836 4063 Herod.
887 4009 967 4080 ctus,
996 4009 1025 4065 et
1049 4022 1096 4062 ex⁴
1109 4023 1166 4082 quo
1185 4003 1255 4064 aiter
1271 4002 1378 4075 Haiyos

341 4101 370 4164 p.
396 4081 468 4148 484.
500 4082 600 4145 Rieu.
626 4085 780 4148 Esdiuunde
809 4087 835 4148 II
885 4089 949 4148 t'ons
988 4088 1173 4149 meridionalis
1212 4086 1379 4169 proveniens

338 4187 405 4250 pag·
426 4171 498 4234 763.
884 4175 1052 4234 Caesueam
1085 4173 1227 4236 Μοαοαιω
1252 4175 1383 4252 praeter-

383 4246 510 4334 Σύριοι]
535 4252 588 4312 .Ita
609 4261 768 4318 onustantur
790 4257 835 4320 hie
884 4257 1000 4318 labeum
1031 4259 1187 4340 Utnumque
1200 4267 1320 4321 montem
1340 4261 1383 4320 ad

340 4359 437 4400 omnes
451 4339 526 4413 libii,
552 4340 599 4417 qui
613 4341 678 4402 aiibi
699 4341 746 4418 (ut
761 4343 784 4418 1,
801 4347 834 4410 6.
884 4363 948 4404 enm
968 4343 1108 4424 pertinere
1130 4351 1261 4422 namna,
1293 4367 1383 4424 quem

339 4425 406 4502 Vil,
428 4425 485 4502 72)
521 4425 551 4486 in
584 4428 702 4491 tectione
736 4425 834 4512 Σύροι
883 4434 1052 4512 posteriores
1080 4435 1233 4514 googuaphi
1254 4435 1382 4515 appula-
