3012 5182
556 289 564 334 l

385 407 387 411 ’
454 411 775 476 EUTERPE.
812 412 850 474 11.
1055 415 1119 486 OEl

1 605 22 662 ιι
164 548 375 668 ταριχεύουσι
403 576 463 658 τὰς
490 577 720 668 ἑβδομήκοντα
749 575 890 667 ἡμέρας,
926 578 983 647 aul
1009 576 1120 648 ἔπειτα

1 703 23 778 :i
64 699 121 772 89
165 697 226 770 ἄττ’
256 691 306 770 τόν
340 698 468 767 ἔδωκαν
501 696 735 788 ἀποφέρεσθαι
791 697 859 780 Tris
894 697 930 766 δὲ
959 704 1119 784 γυναῖκας
1160 693 1370 801 Μέῗθ,
1291 693 1370 738 ΜΗ·

8 847 23 901 ι
161 828 229 893 τεόν
249 819 439 902 ἐπιφανέων
460 814 607 906 ἀνδροῖν,
629 819 727 888 ἐτεόν
743 815 974 906 τελευτήσωσι,
994 815 1037 886 οό
1051 840 1116 886 ιτα-
1159 853 1205 892 ιιι.
1157 778 1235 842 '‘im''
1263 807 1305 840 ⁶⁰¹¹
1306 757 1371 840 ὦ

2 945 22 1008 z'r
166 942 304 1030 quonlam
327 940 458 1007 διδοῦσι
485 937 682 1026 ταριχεύειν,
715 935 838 1008 οόόὲ“
817 955 894 1007 οσαι
916 935 959 1005 ἂν
981 928 1042 1006 ιόσι
1063 935 1119 1007 εό-

167 1059 265 1140 arliae
288 1057 395 1144 ιιόρτα
430 1059 487 1126 nal
513 1057 616 1155 λόχου
651 1063 793 1138 πλεῦνος
828 1064 996 1144 γυναῖκες·
1043 1055 1162 1126 όλῖ’75

1 1191 21 1254 ri
166 1181 264 1250 ἐτεόν
282 1185 424 1266 τριταῖαι
444 1177 467 1267 ἢ
487 1185 673 1265 τεταρταῖαι
692 1178 867 1265 γένωνται,
900 1176 989 1245 οὕτω
1010 1201 1120 1263 ιταρα-

1 1331 17 1373 ιι
145 1303 300 1370 rounam
320 1307 406 1369 τοῖσι
426 1297 647 1387 ταριχεύουσι.
688 1303 788 1368 τοῦτο
815 1297 852 1366 δὲ
876 1297 1028 1365 ποιέουσι
1054 1296 1117 1366 oii-
1155 1335 1158 1342 ·

2 1452 10 1492 ι
164 1445 210 1490 τω
235 1422 335 1490 τοῦδε
362 1423 504 1502 εῖνειιεν,
535 1421 591 1487 ῖνα
626 1415 670 1507 μή
699 1435 760 1505 σφι
794 1419 829 1486 οἱ
846 1417 1040 1506 ταριχευταὶ
1067 1419 1121 1504 μῖ-
1223 1461 1226 1466 -

140 1549 311 1627 ὃσμιουται
330 1545 406 1628 τῇσι
431 1538 571 1626 μυναιξῖ.
614 1543 811 1626 λαμφθῆναι
837 1535 902 1624 χόρ
932 1533 1008 1605 τιυιῖ
1039 1554 1122 1624 φασι

1 1694 6 1736 ι
167 1656 370 1744 μισγόμενον
401 1663 509 1748 νειιρρῖ
536 1655 720 1748 τεροσφότῳ
749 1655 926 1744 γυναικός·
970 1663 1122 1725 ιιαιεῖααι

1 1817 10 1858 ι
65 1799 125 1870 90
169 1779 206 1844 δὲ
226 1776 287 1844 τόν
309 1774 493 1866 ὁμότεχνον.
527 1773 644 1858 “Οςό’
669 1775 712 1846 αν
736 1773 760 1865 ἢ
780 1774 892 1845 αότοῖν
913 1777 1115 1864 Αῖρυιττῖοιν,
1125 1779 1260 1874 goram
1207 1788 1267 1876 ’ἣν
1261 1779 1321 1876 ⁰2¹⁰
1334 1791 1372 1824 ε·-

1179 1844 1251 1925 ιευειῖιιῖ
1244 1837 1333 1939 ,ηαξ
1309 1893 1372 1927 erum

1159 1933 1201 1978 tun
1172 1913 1252 1980 νοντ’

119 2040 425 2118 (Tamarindenmarlr)
450 2049 499 2103 aut
514 2043 618 2104 maiae
669 2041 758 2101 saurir
773 2040 844 2100 eruit
858 2045 943 2119 atque
954 2039 983 2100 in
996 2040 1084 2101 lucem
1099 2059 1166 2120 pro-

2 2151 3 2156 *
121 2127 175 2186 sihi
203 2128 341 2188 invenisse
367 2128 492 2206 putabat.
534 2128 618 2188 Coul.
668 2126 733 2186 tuht
744 2126 856 2204 Peyron
868 2125 1001 2200 (Taurum
1013 2125 1111 2201 1826)
1125 2124 1166 2186 le-

121 2212 195 2272 int‘ra
210 2212 254 2288 ll,
272 2212 334 2279 125
352 2214 425 2291 ibiq.⁸
434 2218 493 2270 not.
670 2219 773 2289 guntur
794 2211 875 2270 haec.
909 2210 941 2273 οῖ
963 2233 1017 2285 τας
1036 2215 1165 2313 λειτουρ-

245 2339 327 2418 cap
347 2337 509 2398 LXXXIX
669 2300 737 2380 χόας
752 2295 785 2359 ἐν
806 2301 872 2369 ταῖς
883 2297 1026 2397 νεκρῖαις
1042 2289 1166 2396 παρεχό-

671 2403 775 2464 μενοι,
797 2374 980 2461 καλούμενοι
1000 2378 1033 2444 δὲ
1048 2372 1166 2460 Χοῖχό-

167 2458 284 2528 ῖυα’
241 2489 283 2546 μη
316 2483 371 2543 σφι
381 2465 426 2528 οἱ
453 2462 622 2547 ταριχευταὶ
670 2491 729 2530 ται.
772 2467 857 2527 Unde
877 2474 1007 2541 constat,
1039 2466 1164 2527 hominen

124 2550 306 2633 μίσγωνται]
348 2553 428 2612 Haec
457 2553 481 2612 oi
508 2557 621 2631 reputer
671 2556 793 2614 tortasse
808 2552 1107 2612 sacerdotesrnlenoru
1119 2572 1166 2611 or

124 2638 283 2716 turpissima
310 2637 525 2696 taricheutarum
554 2637 623 2696 saci·
672 2639 767 2712 dinis,
794 2638 889 2715 quiin
908 2637 1101 2717 necropolibur
1122 2656 1166 2711 ea,

125 2740 217 2797 nora,
244 2724 288 2782 rix
310 2721 508 2782 honoratorum
531 2721 623 2781 honri-
671 2743 744 2801 quae
762 2724 801 2782 ad
817 2727 940 2782 mortuos
959 2725 1098 2796 facerent,
1120 2743 1168 2783 cu-

125 2825 191 2866 num
205 2809 295 2867 ordini
304 2827 352 2868 eos
359 2808 509 2882 adscribas,
523 2827 623 2884 quam·
671 2814 783 2881 rareut,
812 2809 900 2867 dictos
918 2829 978 2868 esse
997 2807 1166 2886 Cholclytos.

125 2892 166 2952 vlo
179 2891 319 2952 Diodorus
332 2892 359 2968 l,
368 2897 408 2958 91
423 2911 472 2952 eos
485 2894 559 2950 omni
570 2893 622 2950 ho-
673 2894 800 2963 Quorum
811 2894 924 2951 omnino
939 2895 1034 2952 erebra
1045 2894 1078 2951 fit
1088 2912 1167 2952 meu-

124 2996 194 3036 nore
209 2977 338 3052 uultuque
350 2978 481 3053 dignatos
496 2982 524 3035 et
531 2997 622 3037 saeer—
672 2981 710 3037 tio
725 2981 754 3036 iu
762 2979 875 3058 papyris
890 2977 1066 3037 Thebaicis.“
1086 2978 1167 3038 Haec

124 3061 238 3120 dotibus
260 3060 407 3121 familiares
434 3062 544 3140 prodat.
587 3061 622 3122 Iu
674 3063 745 3137 Cr„
766 3065 924 3140 quibuscum
939 3064 1010 3120 conf.
1024 3061 1166 3121 &nonne

125 3146 221 3204 omnia
234 3143 289 3203 alia
302 3144 621 3206 abitl'seudo-Manetho
668 3149 759 3226 journ.
774 3149 802 3207 d.
815 3167 872 3208 rav.
887 3149 969 3212 1828
987 3166 1014 3224 P·
1029 3150 1090 3210 102
1105 3165 1163 3222 seq·

124 3230 184 3304 Vl,
204 3227 267 3295 459
284 3248 362 3307 seqq.
384 3231 512 3291 miserum
532 3230 621 3289 horni-
671 3267 714 3279 -
733 3234 790 3292 Pro
806 3233 918 3294 εῖνειιεν
931 3233 960 3290 ἱο
974 3229 1098 3310 proxime
1114 3249 1166 3286 au-

124 3333 193 3374 num
210 3333 301 3390 genus
315 3314 470 3374 describens
483 3315 622 3376 taricheo-
671 3319 863 3380 tecedentibus
888 3316 1004 3376 dedi‘'
975 3337 1074 3379 εινειια
1102 3333 1165 3374 cum

125 3405 180 3461 lan.
215 3400 297 3469 Quae
315 3405 346 3457 ut
358 3399 533 3460 concilientur
547 3403 623 3460 inter
671 3401 839 3480 Schweigh
840 3410 869 3464 et
881 3402 1049 3462 Gaislordio.

125 3483 263 3559 ee‚illud
276 3485 446 3557 tenendum,
457 3487 561 3546 videri'
553 3495 621 3546 utos
714 3481 951 3551 eructuaret
918 3510 971 3549 τον
986 3479 1163 3565 ὁμότεχνον]

126 3570 376 3648 adscriptoofuisse
385 3569 562 3647 pastophoria,
573 3573 622 3649 qui
671 3573 750 3635 Male
773 3574 837 3633 olim
858 3577 1019 3634 κατειπεῖν.
1066 3572 1167 3630 Verum

126 3656 179 3714 tuit
212 3655 322 3714 infirnus
345 3656 522 3714 sacerdotum
543 3660 620 3716 ordo.
672 3678 707 3719 ex
722 3661 803 3719 codd.
817 3660 995 3718 restituerunt
1011 3656 1167 3733 Schweigh.

128 3739 211 3798 Cous.
218 3740 348 3800 Creuzer.
357 3745 516 3800 commenti.
534 3762 563 3820 p.
573 3745 621 3808 13.
672 3750 757 3821 atque
772 3745 861 3804 Gnisf.
902 3743 949 3801 Tu
969 3743 1024 3801 vid.
1045 3747 1116 3802 nott.
1130 3741 1168 3799 ad

126 3823 174 3885 De
187 3843 299 3884 munere
320 3825 530 3885 taricheutarum
552 3829 623 3887 dixi-
672 3828 769 3902 l,.49
811 3828 1076 3906 De'aignificatioue
1090 3823 1169 3886 verbi

126 3929 189 3969 mur
205 3910 241 3968 ad
256 3909 298 3984 ll,
311 3909 361 3974 85
402 3909 486 3970 Nune
498 3912 574 3970 addo
588 3932 623 3973 ex
673 3913 806 3992 (deferre,
835 3913 973 3989 ιἰιόῖιοει)
1012 3909 1169 3972 mouuiad

127 3993 246 4072 Diodori
260 3993 310 4053 ll
311 3999 446 4074 ‚praeter
457 3996 623 4056 taritheutao
672 3998 814 4059 Plutarch.
829 3999 928 4077 Pyrrh.
947 4017 1014 4078 pag
1032 3995 1103 4061 155.

127 4079 159 4138 in
185 4077 239 4138 hoe
264 4080 380 4156 negotio
412 4081 622 4140 commemorari
832 4125 858 4183 c
940 4125 1002 4183 XC

127 4183 241 4242 quoque
237 4159 370 4224 scribam
388 4170 419 4224 et
426 4165 620 4244 permultatur.
866 4144 918 4204 ΕΡ·

126 4249 307 4328 lnpapyro
322 4250 431 4310 Graeco
449 4251 487 4308 ad
506 4251 621 4311 Thebae
715 4243 805 4323 οςό’
834 4243 920 4330 αυιῖ
947 4242 1048 4310 αότοῖν
1070 4246 1168 4330 Αἰγυ-

126 4293 283 4414 'Aegyptias
315 4335 496 4413 pertinente,
539 4355 623 4414 quem
674 4335 816 4399 ιιτῖοινιι.
834 4358 859 4396 τ.
874 4333 918 4416 t]
945 4333 1051 4411 Attigit
1070 4336 1169 4396 eadem

128 4417 351 4501 nupereMuaei
368 4418 550 4482 Taurinennir
562 4421 624 4483 the·
674 4421 786 4503 loseph.
813 4427 911 4482 eontra
944 4419 1045 4500 Apion.
1074 4419 1121 4496 11,
1146 4421 1171 4494 71
