3048 5218
428 441 493 508 '148
728 438 1085 504 HERODOTI

425 607 554 697 Ἑλένης
574 605 721 697 λεχθέντι
749 610 806 678 καὶ
829 608 929 690 adsis
948 608 1184 694 προστίθεμαι,
1213 605 1291 676 :aas
1314 605 1399 676 ἐπι-

427 727 618 816 λεγόμενος·
662 720 754 815 ιῑῆν
780 725 893 817 Ἑλένη
923 728 959 797 ἐν
977 726 1078 820 Ἰλίῳ,
1109 724 1326 811 modorum
1350 725 1401 794 ἂν

428 845 532 935 νόιὴν
560 853 648 916 τοῖσι
666 847 820 936 Ἕλλησι,
862 846 938 938 ἥιιι
968 845 1104 926 ἐνόντος
1130 870 1168 932 pe
1193 844 1217 934 ἢ
1243 843 1401 926 ἄκοντος

405 965 654 1052 ιἈλεξόνόρου.
696 965 739 1036 οὐ
759 969 824 1056 γὰρ
852 967 893 1054 dai
922 964 1011 1035 οὕτω
1031 989 1067 1054 με
1088 965 1326 1054 φρενοβλαβὴς
1346 960 1401 1054 ἦν

425 1085 446 1155 ό
467 1087 638 1173 Πρίαμος,
660 1083 740 1156 oridl
762 1089 796 1155 oi
815 1085 909 1156 ἄλλοι
929 1084 1153 1172 προσήκοντες
1167 1083 1276 1173 αὐτῷ,
1301 1101 1419 1155 novel

425 1213 513 1276 τοῖσι
533 1207 719 1295 σφετέροισι
744 1207 874 1294 σώμασι
900 1206 958 1276 aul
984 1213 1073 1275 τοῖσι
1099 1203 1246 1274 τέκνοισι
1264 1205 1325 1274 nat
1347 1211 1398 1296 τῇ

426 1323 503 1396 ιιόιι
521 1326 730 1396 κινδυνεύειν
744 1326 936 1415 ἐβούλοντο,
950 1324 1036 1406 όιως
1048 1322 1256 1412 Ἀλέξανδρος
1265 1321 1390 1416 Ἑλένῃ

403 1446 601 1536 ισυνοιιιὲῃ.
623 1447 652 1516 sl
673 1446 708 1516 δι’
729 1470 784 1515 τοι
805 1447 861 1515 aui
883 1447 921 1515 lv
941 1453 1028 1516 τοῖσι
1048 1443 1210 1529 πρώτοισι
1228 1443 1381 1530 χρόνοισι

425 1571 532 1635 ταῦτα
553 1566 747 1654 ἐγίνωσκον·
768 1565 837 1635 ἐπεὶ
857 1567 973 1636 πολλοὶ
994 1565 1056 1654 μὲν
1075 1569 1145 1634 τόν
1161 1561 1267 1634 ἄλλων
1280 1563 1399 1652 Τρό-5

385 1913 502 1973 rumque
517 1895 666 1971 habuisse,
688 1897 719 1957 id
734 1898 811 1958 unde
830 1917 879 1958 ιο·
929 1898 1051 1973 dissent,
1071 1896 1117 1954 vix
1132 1896 1266 1968 dubium,
1288 1899 1361 1974 qnin
1374 1897 1434 1958 lle·

385 1979 511 2058 gnoverlt
546 1981 593 2042 ille
620 1983 712 2041 nescio
739 1984 878 2060 equidem.
905 1983 1019 2043 ¹lenam
1057 1982 1175 2040 Graecis
1216 1983 1432 2056 reddidissent,

384 2065 506 2126 Dubiam
519 2067 724 2144 potiusillorum
734 2072 878 2148 poetarum
928 2071 1043 2146 ipseque
1068 2067 1211 2140 Priamus,
1243 2068 1268 2126 si
1288 2068 1432 2128 Helenam

384 2151 468 2209 fidem
483 2151 630 2211 Herodoto
646 2153 733 2211 visam
747 2154 841 2228 luisse,
855 2155 879 2212 si
929 2148 958 2212 ln
977 2152 1179 2212 matrimonium
1201 2152 1347 2228 duxisset,
1370 2173 1431 2214 eam

384 2237 422 2294 ad
448 2235 590 2296 historiam
619 2257 668 2296 eos
697 2239 880 2313 revocaveris,
928 2239 1089 2298 redditurus
1104 2237 1200 2295 suisset
1205 2239 1288 2315 ,quai
1303 2258 1336 2297 se
1351 2260 1431 2298 suos-

382 2320 516 2396 colligere
536 2323 603 2380 mihi
597 2343 709 2421 posse
728 2325 825 2383 videor
846 2342 880 2383 ex
929 2281 1430 2401 qoebelliealamitatihusliberaret.“

383 2407 490 2465 verbis:
508 2404 536 2466 el
548 2401 605 2488 χρή
621 2412 739 2468 ιιιοῖσι
757 2407 879 2470 ἐιτοιιοι-
930 2409 1052 2477 Quando
1067 2408 1138 2468 enim
1154 2407 1238 2466 hoe
1230 2428 1293 2488 rpse
1313 2429 1362 2468 rex
1376 2411 1430 2468 do·

385 2495 446 2553 οἶοι
459 2487 750 2571 χριόμενονλέγιινς
763 2494 880 2553 ubillo-
929 2501 1046 2570 musque
1060 2509 1154 2568 regiae
1160 2512 1290 2573 princeps
1304 2495 1427 2593 fecisset,

383 2595 488 2636 merum
502 2583 531 2637 et
543 2577 707 2656 Cypriorum
722 2585 808 2656 atque
821 2581 879 2658 Cy·
928 2578 1016 2638 multo
1041 2580 1131 2656 magis
1149 2585 1367 2650 oonsentaneunr,
1390 2582 1421 2636 in

384 2661 512 2721 elicorum
525 2683 674 2722 carminum
682 2670 806 2724 auctores
815 2685 879 2725 eum
928 2665 1003 2741 regis
1024 2663 1099 2738 filio,
1120 2670 1149 2723 et
1173 2663 1278 2739 quidem
1298 2680 1349 2734 eo,
1376 2663 1418 2720 ad

382 2745 551 2806 intellexisse
565 2749 685 2807 credam.
707 2779 750 2793 -
770 2747 817 2807 Ad
833 2769 879 2809 re-
928 2768 1012 2826 quem
1024 2749 1068 2808 vel
1081 2754 1182 2808 mortuo
1193 2753 1287 2824 patre,
1301 2704 1418 2806 mihime

382 2829 458 2908 liqna
473 2830 523 2894 Cr.
539 2834 656 2892 conferri
671 2832 877 2894 vulthetz.in
927 2834 1111 2894 deventurum
1126 2837 1193 2893 asset
1208 2849 1344 2909 regnum,
1364 2831 1423 2894 hoe

381 2913 610 2993 Lycophronis.
624 2921 755 2998 aeoseq
775 2923 885 2998 p810
927 2919 1003 2980 idem
1015 2919 1084 2980 fieri.

381 3001 427 3061 ed.
446 3001 554 3061 Miiller.
970 3003 1052 3066 εἶδέ
1068 3026 1118 3066 τοι
1130 2999 1422 3102 ιαὶ-ὶγόνωσιιον]

424 3079 497 3148 τάδε
518 3081 745 3186 ἐπιλεγόμενος]
768 3088 802 3146 ld
818 3095 875 3148 est:
928 3089 986 3148 seil
1000 3087 1172 3194 όΠριαμις
1187 3085 1241 3150 aul
1261 3088 1294 3152 ol
1310 3083 1422 3192 ιιροσή-

382 3172 446 3232 Ιιοιι
464 3181 590 3250 reputans
606 3177 720 3249 ιιιιιιιιι,
742 3177 875 3250 cogitans.
926 3197 1031 3248 ιιοντες
1047 3167 1202 3235 edroi.-
1157 3173 1257 3237 -ἔν
1278 3171 1421 3254 aspaltum

382 3256 510 3332 Conll,
524 3264 638 3325 78.-
653 3259 699 3320 Aa
722 3263 874 3321 συνοικεῖν
925 3256 1056 3341 χρόνοισι
1076 3236 1159 3320 rel'er
1181 3261 1341 3339 adprimus
1362 3261 1423 3320 belli

381 3345 411 3403 in
433 3362 514 3420 seqq.
532 3347 605 3405 conl.
624 3345 656 3422 l,
676 3349 728 3412 91
751 3347 802 3411 98
822 3348 875 3411 87.
925 3365 1026 3418 annos,
1055 3347 1139 3421 quod
1161 3347 1264 3404 Graeci
1282 3348 1317 3402 oh
1336 3345 1420 3404 Hele-

383 3431 511 3492 17uetc.
923 3449 985 3490 nam
1012 3435 1127 3510 raptam
1156 3437 1252 3490 eontra
1281 3427 1417 3488 Tmianos

424 3509 452 3572 el
466 3509 500 3573 όέ
515 3535 561 3576 τοι
577 3511 631 3576 aul
647 3512 772 3577 latoius
791 3505 873 3594 πριό-
922 3522 1113 3592 suscepenmt

380 3614 458 3657 ιιισι
480 3593 616 3676 χρόνοισι
644 3603 739 3662 ταῦτα
770 3598 874 3679 ἐγόνω-
965 3597 1032 3662 ἐπεὶ
1060 3595 1166 3661 πολλοὶ
1196 3593 1251 3675 μὲν
1272 3617 1303 3656 ιι.
1328 3618 1355 3657 τ.
1380 3597 1419 3677 h]

381 3684 474 3754 σιον]
496 3684 676 3746 Ηιιοόοιιιι
697 3693 874 3762 argumenta·
922 3685 1005 3746 Haec
1039 3687 1125 3744 verba
1155 3701 1205 3760 per
1234 3681 1420 3759 parenthesin

380 3767 482 3840 tionis,
503 3769 623 3844 quaeh
648 3771 667 3828 l.
689 3771 801 3848 incipit,
830 3771 875 3829 hic
923 3771 1004 3850 quasi
1035 3768 1187 3848 aecipiendn
1209 3771 1276 3866 sapt
1303 3767 1419 3827 dilatam

379 3853 440 3910 sere
458 3871 571 3913 seusus.
611 3857 670 3928 „Si
694 3875 760 3914 vero
780 3857 874 3933 primis
923 3874 1014 3934 usqne
1033 3857 1069 3914 ad
1083 3854 1159 3913 verba
1180 3843 1360 3931 χρεόμενον
1375 3851 1417 3914 λέ·

379 3955 529 4014 sansquam
552 3941 722 4017 temporibus
743 3939 874 4000 Troianis
921 3964 990 4024 ysw
1014 3939 1112 4009 inulas,
1139 3936 1186 3994 ubi
1208 3937 1304 4037 oratio
1327 3938 1416 3997 denuo

379 4021 545 4097 (Priamo'
521 4043 635 4100 eiusque
656 4026 796 4101 cognatis)
813 4024 874 4104 pla·
911 4027 1068 4087 assumitur
1086 4021 1199 4081 verbis·
1234 4015 1356 4084 τούτων
1377 4021 1416 4086 dl

379 4109 497 4182 ouisset,
521 4107 658 4168 Helenam
680 4111 799 4170 retinere
821 4129 874 4169 nee
924 4105 1067 4174 τοιούτων
1088 4100 1337 4186 συμβαινόντων,
1358 4109 1415 4185 qud·

379 4193 495 4252 Graecis
519 4193 733 4270 deposcentibus
745 4195 873 4267 reddere,
924 4198 976 4257 hus
991 4215 1025 4256 ea
1037 4193 1127 4254 onmia
1140 4193 1413 4272 comprehenduntur,

378 4285 471 4336 tamen
484 4283 600 4357 postea,
621 4299 684 4340 cum
699 4279 792 4338 multis
809 4279 873 4339 belli
924 4282 1039 4359 quaein
1053 4279 1213 4359 parenthesi
1229 4278 1338 4357 prolata
1344 4285 1412 4336 sunt„

378 4361 576 4422 calamitatibus
592 4385 624 4424 se
632 4384 743 4444 pressos
755 4383 872 4440 magna·
925 4365 1023 4434 Quare
1044 4366 1121 4425 haud
1143 4365 1217 4426 male
1236 4364 1344 4424 addidit
1354 4381 1413 4440 par-

378 4467 433 4526 que
449 4467 561 4508 suerrum
580 4455 678 4530 strage
695 4449 813 4511 afflictos
830 4451 873 4510 vi·
922 4449 1036 4511 tionlanr
1057 4447 1118 4529 δέ,
1153 4456 1219 4531 ροιι
1242 4447 1412 4530 parenthesin
