2990 5228
435 448 831 512 EUTERPE.ll.
1037 455 1100 518 881

148 624 248 696 θινος
283 636 380 699 τερος
408 617 567 693 τοσοῦτος
595 613 653 682 nul
679 614 716 684 ἔν
737 613 821 696 Σόϊ,
850 616 998 703 κείμενος
1017 617 1102 686 sord

149 733 208 805 τόν
231 732 334 803 αότόν
355 731 481 819 τρόπον
501 737 548 824 τῷ
579 725 616 802 ἐν
637 733 766 823 Μέμφι
807 738 847 824 τῇ
865 733 927 804 Ἴσι
948 759 983 803 τι
1004 735 1042 805 τό
1064 737 1102 805 ἐν

149 853 270 942 Μέμφι
291 852 365 940 ἱρόν
378 853 518 938 ”Aperte
537 853 606 923 ἐστι
624 851 927 944 όέξοιιιοόομήσας,
949 853 1007 924 ἐόν
1019 853 1101 944 μέγα

148 973 258 1044 τεκαὶ
279 968 563 1059 ἀξιοθεητότατον.

44 1101 130 1172 1Ίῖ
234 1090 305 1160 Ἐπ’
330 1089 484 1180 Ἀμόσιος
514 1094 550 1161 dl
586 1091 736 1180 βασιλέος
775 1093 977 1180 λέγεταιι
933 1095 1338 1206 AEynmogeopnqpqmm
1240 1109 1324 1155 cmm
1326 1111 1347 1142 a

147 1212 289 1302 μάλιστα
310 1211 350 1300 δή
372 1210 445 1282 τότε
468 1211 723 1300 εὐδαιμονῆσαι,
744 1211 857 1280 καὶ
821 1239 862 1281 τα
880 1208 945 1282 ιἰιτό
960 1218 1022 1282 τοῦ
1037 1237 1099 1282 τιο-
1141 1201 1300 1295 ‘2le²..
1277 1163 1348 1294 “ill

148 1338 256 1419 ταμοῦ
276 1336 319 1421 τῇ
346 1329 437 1421 χόρμ
466 1331 640 1420 γινόμενα,
672 1332 729 1401 καὶ
756 1329 797 1400 τό
823 1329 888 1403 ότιό
911 1338 970 1420 τῆς
991 1330 1098 1421 χοόρης
1139 1314 1348 1459 qiqpitqffilqlig

1139 1457 1186 1500 vlt.

108 1513 318 1530 μ

106 1645 226 1716 losse).“
256 1643 319 1704 Nec
333 1645 477 1705 convenire
491 1645 602 1705 videtur
651 1661 724 1720 quae
736 1643 766 1702 in
780 1642 808 1702 h.
821 1643 839 1702 l.
851 1663 914 1704 ‘nos
926 1651 1038 1718 tenent,
1061 1645 1084 1704 si
1097 1664 1142 1705 sa-

111 1732 250 1790 Creuzero
263 1729 281 1788 l.
294 1729 312 1788 l.
335 1749 364 1808 p.
380 1731 441 1795 159
460 1750 522 1789 oum
540 1729 601 1790 He·
652 1747 713 1788 cros
732 1729 896 1788 ludaeorrun
915 1729 998 1790 libros
1015 1730 1143 1789 consula·

110 1815 219 1874 rodotei
240 1816 371 1874 sermonis
395 1815 602 1894 perspicuitate,
652 1833 722 1872 mus.
765 1813 822 1872 Eos
843 1815 915 1874 euim
937 1817 960 1874 si
985 1835 1141 1893 sequamur,

110 1901 187 1978 quod
202 1901 230 1957 iu
246 1920 323 1977 seqq.
341 1900 486 1960 adsonem
503 1897 602 1980 ἕτερος
652 1919 687 1959 co
702 1899 763 1976 ipso
781 1905 921 1978 tempore,
936 1919 991 1976 qno
1008 1920 1140 1960 summam

107 1987 232 2045 additum
249 1985 403 2044 inveniatur
415 1986 534 2059 λίθινος
547 1985 602 2045 aliu
651 1983 774 2060 Aegypti
787 1984 944 2044 felicitatem
951 1985 1056 2044 Noster
1061 2005 1142 2064 prae·

106 2070 235 2147 atquein
252 2071 478 2130 antecedentibus
496 2070 602 2148 signifi·
653 2069 751 2141 dicat,
780 2068 1068 2130 Nabuchodonosorus
1086 2069 1143 2129 Ae·

106 2157 225 2216 catium.
256 2155 355 2234 ltaque
367 2154 451 2214 ltolus
465 2155 601 2236 interpres
652 2160 769 2232 gyptum
789 2155 863 2232 cepit
877 2154 1143 2234 ipsumqueApriem

105 2241 191 2323 plane
225 2241 318 2299 omisit
346 2258 440 2299 vooern
470 2241 600 2315 λίθινος,
652 2239 704 2313 (de
723 2258 779 2316 quo
792 2258 875 2317 supra
888 2239 931 2312 ll,
950 2242 1035 2317 169),
1056 2246 1087 2299 ut
1100 2241 1141 2297 ri·

106 2325 214 2403 reliqua
242 2327 281 2385 sic
306 2331 432 2385 vertens:
467 2326 601 2400 „Stanno
652 2325 748 2399 detur,
769 2323 885 2383 interfici
895 2325 982 2383 iussit.
1024 2325 1141 2385 Terram

108 2412 164 2470 due
192 2409 290 2470 colossi
310 2411 338 2468 di
364 2411 455 2488 pietra
482 2410 603 2488 etiopicu
651 2415 787 2468 vastatam
820 2428 854 2467 ac
881 2409 1036 2483 desertam,
1070 2429 1142 2487 quae

109 2529 152 2540 —
166 2524 210 2539 -
225 2497 258 2553 αι’
279 2496 305 2552 ιι’
321 2494 356 2553 λι
379 2495 461 2553 aucte
475 2515 513 2554 ιιιι
530 2493 602 2554 ultro
652 2494 836 2590 quadraginta
860 2513 911 2572 per
929 2513 1017 2554 annos
1035 2493 1142 2552 intrabi-

111 2580 144 2636 in
157 2579 220 2636 Sais
239 2580 310 2637 etr.“
560 2621 562 2639 .
652 2575 718 2637 tata
730 2578 836 2652 iaceat,
864 2586 976 2654 gentem
989 2579 1142 2656 Aegyptio-

153 2658 229 2722 κατό
243 2656 297 2723 τόν
311 2654 404 2724 οότον
416 2655 540 2742 τρόπον]
557 2663 603 2722 cf.
651 2683 711 2722 rum
726 2663 755 2721 iri
769 2663 835 2722 alias
846 2664 974 2740 regiones
988 2665 1141 2743 dispersam

109 2745 211 2806 narn.
227 2747 278 2806 cr
296 2747 346 2806 ar.
362 2766 426 2826 pag
438 2748 529 2812 1153.
557 2746 602 2807 aa
651 2749 726 2807 ann
752 2733 853 2808 neca.
884 2749 1034 2825 xx1x‚o
1060 2767 1141 2825 seqq.

109 2815 222 2892 verbuni
237 2830 481 2912 ἐξοικοδομεῖν
473 2852 502 2890 ιιι
521 2852 601 2910 seqq.
654 2852 773 2910 quornm
786 2835 859 2893 conf.
871 2833 967 2894 larem.
982 2795 1082 2907 ltLlV,
1089 2834 1142 2897 30·

108 2919 181 2978 conf.
201 2925 336 2992 cognatae
355 2917 475 2976 notionis
489 2919 603 2976 verbum
644 2917 764 2992 .,XLVl
776 2922 828 2984 26.
858 2919 939 2978 Plura
950 2919 1037 2978 Beck
1053 2917 1144 2978 Welt·

90 3001 266 3075 ’ἒιιττοιεῖν,
280 3002 385 3078 dequo
400 3001 603 3074 11,125.136.
655 3003 748 3079 gesch.
755 2961 857 3082 Ἰρις.
871 3008 941 3068 729.
984 3003 1063 3062 Haec
1082 3021 1144 3061 cum

110 3085 184 3152 176.
653 3107 770 3167 prorsus
790 3093 946 3166 repugnent
965 3088 1144 3146 Herodoteae

205 3169 306 3274 Cap
330 3168 497 3228 chxvn.
559 3181 561 3188 ’
653 3173 819 3247 narrationi,
835 3171 1144 3248 statuitWesselingins,

153 3247 214 3318 ἔνι’
208 3249 347 3334 Αμόσιος
364 3250 452 3316 όὲ-
410 3247 605 3336 -εόόαιμο-
655 3258 792 3316 Graecum
807 3257 968 3335 scriptorem
985 3274 1034 3315 sua
1048 3253 1143 3331 Aegy-

111 3337 223 3418 νῆσοι]
249 3337 399 3420 βασιλέος
430 3360 491 3400 cunr
513 3341 603 3400 Gaisf.
654 3343 720 3422 ptiis
743 3341 928 3401 sacerdotibus
947 3341 1065 3414 debere,
1095 3339 1143 3415 qui
1266 3389 1270 3396 .

108 3423 239 3502 rescripsi
253 3444 304 3504 pro
320 3426 489 3503 βασιλῆος.
520 3425 604 3486 Ηοιιο
654 3426 740 3486 multa
767 3415 961 3484 dissimularint
992 3431 1021 3484 et
1047 3423 1143 3483 ultima

108 3528 176 3568 vero
184 3509 305 3587 Aegypti
317 3509 471 3568 felicitatem
485 3529 519 3569 ex
529 3529 605 3570 com·
655 3503 791 3570 Amasidls
804 3513 862 3568 fate
884 3511 1045 3586 felicemque
1063 3509 1143 3584 regni

108 3594 213 3652 mersio
240 3613 301 3652 cum
335 3595 434 3653 exteris
466 3595 605 3671 gentibus,
656 3601 758 3655 statum
779 3596 892 3654 nimium
909 3601 1041 3694 quaptum
1059 3611 1143 3652 auxe-

109 3679 188 3754 quod
211 3677 257 3736 illo
277 3685 403 3757 tempore
421 3679 527 3737 institui
540 3699 605 3740 coe-
654 3682 719 3739 rint.
755 3680 847 3748 Quem
862 3679 973 3738 multi
948 3698 998 3736 τιτι
991 3679 1086 3738 doctr
1098 3697 1144 3737 se

108 3770 188 3840 ptum
201 3781 266 3820 moa
279 3763 360 3822 valde
373 3764 498 3838 creverit,
520 3783 603 3844 repe·
654 3767 709 3824 cuti
734 3769 822 3840 snut'
849 3765 986 3841 Equidem
1008 3763 1038 3822 in
1062 3769 1142 3822 tanto

108 3849 224 3907 tendam
250 3854 343 3908 censet
368 3846 489 3908 Heeren.
516 3849 604 3909 ldeen
654 3850 779 3908 dissensu
789 3849 859 3927 quid
869 3850 935 3908 certi
945 3853 1073 3922 statuam,
1085 3867 1143 3906 uon

109 3931 156 4006 ll,
177 3938 200 3998 2
219 3951 285 4011 pag.
306 3934 377 3998 890.
419 3933 482 3992 Nec
510 3940 604 3994 tamen
651 3932 759 4008 habeo,
788 3951 956 4010 quamquam
976 3933 1030 3992 lroc
1046 3933 1144 4010 negari

108 4015 177 4076 illud
202 4035 237 4075 ex
255 4017 394 4077 Herodoti
415 4017 505 4077 verbis
528 4017 603 4077 colli-
653 4019 765 4095 nequit,
786 4017 944 4078 Amasidem
964 4017 1045 4076 valde
1065 4035 1143 4077 acce-

108 4119 191 4176 garn,
213 4120 284 4178 quae
310 4102 347 4161 ad
368 4102 475 4180 largum
492 4102 603 4178 frugum
651 4108 729 4182 ptum
744 4101 928 4164 fuisserideri
941 4101 1143 4175 sacerdotibus,
1192 4153 1195 4158 .

107 4193 271 4263 proventum
295 4205 328 4245 ex
344 4185 400 4246 Nili
421 4187 602 4247 inundatione
651 4206 768 4265 quorum
785 4187 890 4252 animos
904 4187 957 4246 sibi
975 4184 1055 4244 valde
1066 4185 1143 4243 illum

109 4271 207 4330 maiori
220 4277 408 4347 ortnmnequc
421 4272 458 4330 acl
469 4291 603 4332 commer-
630 4339 633 4348 Ι
652 4271 810 4332 conciliasse
828 4289 862 4330 er
882 4272 915 4330 iis
933 4269 1048 4345 colligo,
1069 4287 1143 4347 qnae

109 4355 182 4414 cium
197 4355 360 4432 divitiasque
383 4357 604 4436 indecorupara·
654 4355 740 4415 multe
753 4356 797 4416 ille
812 4375 860 4416 rex
873 4357 901 4415 in
923 4353 1026 4433 templa
1044 4359 1075 4413 et
1096 4373 1174 4416 rer
1287 4397 1289 4401 ,

109 4443 151 4496 tas
164 4445 301 4519 spectant.
321 4439 379 4498 Sed
388 4441 514 4518 graviora
528 4449 604 4518 sunt,
654 4441 793 4501 stitnenda
814 4447 842 4501 ct
862 4459 959 4502 recens
977 4439 1142 4498 exstruenda

146 4521 308 4584 Hauonon.
329 4524 352 4584 l.
895 4527 938 4588 56
