3012 5182
480 383 875 449 aurnurun.
1082 389 1147 454 tat

188 549 247 620 aul
269 545 346 619 crida
365 547 404 620 sd
424 551 547 640 χωρίον
569 549 633 622 οὐκ
653 550 788 642 ἥκιστα,
811 548 892 633 ἀλλὰ
913 550 1063 640 μάλιστα,
1085 554 1187 642 dap-5⁵

188 673 248 738 stoi
274 665 328 738 du
355 668 421 740 cain
443 669 594 760 Ὀμήρου
617 671 660 742 cd
685 669 822 761 Κύπρια
847 669 926 742 laed
947 673 1030 756 turc,
1071 667 1144 742 ἀλλ’

145 982 340 1045 tenusnullam
352 983 437 1044 fidem
451 991 559 1046 mereat
571 985 644 1046 Bor-
695 985 796 1066 Cyprio
809 989 946 1063 emadan,
966 991 999 1046 nt
1011 984 1065 1046 hoc
1080 989 1188 1046 onum

146 1069 238 1129 heddi
261 1069 408 1148 suspicio,
444 1077 536 1130 totum
560 1077 643 1150 capnt
693 1074 860 1146 afferamus,
882 1078 1016 1152 perpetua
1026 1073 1189 1148 quasiaerie

149 1153 253 1214 cxvfl
282 1155 406 1235 spurium
432 1157 529 1216 videri.
579 1157 643 1218 Nec
694 1158 820 1238 exposita
837 1159 996 1218 continuere
1022 1156 1086 1216 belli
1112 1155 1189 1215 Tro-

148 1241 297 1318 qnidqnam
318 1241 420 1300 eiicere
445 1242 575 1319 equidem
594 1261 645 1302 au·
694 1242 749 1301 iani
762 1243 915 1321 primordia
929 1261 1019 1319 nsque
1033 1241 1188 1302 adhchillis

148 1327 246 1398 deam;
267 1343 436 1404 quamquam
449 1325 514 1386 mihi
530 1347 644 1405 quoqne
693 1329 781 1404 iram,
802 1328 851 1387 ubi
861 1329 979 1387 Homeri
997 1326 1060 1387 ilias
1077 1329 1188 1388 exordi-

144 1411 294 1489 magnaht
307 1411 447 1492 suspicio,
468 1412 570 1473 ruba:
590 1409 644 1476 sul
693 1419 746 1471 tur.
786 1414 884 1482 Quare
908 1413 1008 1473 eodem
1030 1412 1105 1487 iure,
1132 1432 1188 1492 quo

142 1490 216 1560 τόδε
238 1490 274 1556 cd
292 1497 405 1580 χωρίον
431 1500 469 1557 ad
487 1492 643 1576 marginem
695 1497 811 1558 Homeri
847 1500 983 1572 carmina,
1011 1499 1049 1557 nd
1083 1497 1188 1576 cyclum

145 1583 215 1642 oiim
244 1580 329 1641 husee
349 1583 490 1664 adscripta
516 1602 550 1643 ac
566 1585 642 1659 dein,
693 1583 742 1660 qai
758 1581 976 1664 diciturepicum
993 1585 1089 1644 referri
1105 1590 1187 1664 pote-

148 1668 190 1725 nti
214 1665 276 1725 fieri
298 1667 388 1742 solet,
416 1667 506 1728 textui
527 1669 642 1730 inserta.
693 1673 765 1726 runt.
822 1667 885 1727 vid.
916 1669 1097 1729 Honriehsen.
1128 1670 1147 1728 l.
1167 1669 1186 1729 l.

149 1751 284 1811 Locutio:
309 1744 364 1813 osia
377 1747 572 1832 ἥκισταᾶλλᾶ
585 1747 643 1836 poi·
692 1772 759 1833 pag.
776 1757 817 1818 27
836 1773 932 1830 seqq,
959 1755 1082 1832 inprimis
1102 1773 1131 1834 p.
1144 1757 1186 1820 31

148 1843 237 1899 λιστα
258 1835 394 1896 invenitur
409 1858 522 1917 qaoque
537 1839 582 1915 ll,
600 1839 642 1904 48
693 1857 753 1916 seq.
796 1837 842 1898 De
862 1856 917 1915 qao
945 1841 1063 1899 istorum
1089 1840 1188 1899 carmi-

146 1943 199 1983 nec
221 1922 284 1982 sine
303 1922 421 1999 quodam
439 1926 467 1983 vi
486 1925 514 1985 h.
534 1925 552 1985 l.
574 1923 660 2006 poni*
693 1942 760 1982 nnm
776 1930 957 2006 argumento,
985 1925 1117 1986 historico
1135 1944 1188 2003 po-

144 2011 266 2069 sidetnr.
314 2005 402 2066 Redit
417 2015 507 2070 autem
527 2031 562 2072 eo
582 2013 644 2071 sere
693 2009 748 2082 tius
762 2027 847 2086 quam
861 2008 957 2085 epieo,
979 2017 1010 2069 nt
1023 2010 1076 2069 iam
1090 2011 1187 2069 obser·

143 2091 289 2155 Herodoti
321 2099 522 2169 argumentum:
566 2097 644 2174 quod
693 2099 741 2152 vat
757 2093 920 2153 Aristoteles
940 2093 958 2154 Ι.
973 2094 992 2153 Ι.
1014 2093 1093 2170 (coll.
1107 2094 1188 2154 Hen-

144 2181 224 2260 apud
246 2177 404 2238 Homerum
432 2181 547 2256 vestgia
566 2200 645 2258 erro·
692 2179 811 2240 richsen·
831 2180 1066 2259 p.1oaseqq.),
1093 2178 1189 2239 classi·

145 2285 209 2324 rum
222 2263 334 2324 Paridis
354 2263 532 2323 inveniuntur
551 2267 645 2344 (quae
694 2285 742 2326 cru
758 2271 802 2325 est
813 2262 904 2323 Prodi
918 2263 1012 2342 locus,
1032 2284 1121 2343 nuper
1137 2264 1189 2324 de·

148 2351 213 2429 ipsa
244 2351 313 2408 satis
342 2348 507 2424 declarant,
534 2354 644 2430 poitam
692 2355 781 2410 techna
796 2351 983 2427 atqueeditus
996 2351 1041 2409 in:
1057 2349 1188 2410 Biblon.

150 2433 232 2516 plura
250 2434 287 2493 de
302 2433 345 2492 his
358 2433 540 2511 cognovisse,
562 2455 644 2513 quam
693 2437 721 2496 d.
736 2435 784 2495 alt
805 2433 921 2494 Literat.
941 2435 956 2495 l
973 2435 1078 2496 Anecd
1096 2436 1187 2514 pau.
1277 2483 1280 2491 ,

150 2538 223 2598 qaae
242 2519 351 2598 inipso
364 2519 484 2578 carmine
506 2521 644 2582 indicave-
693 2518 753 2596 24,
775 2521 907 2598 repetitus
927 2527 956 2580 et
977 2521 1108 2599 singulari
1122 2539 1188 2580 cura

146 2606 210 2682 rit),
229 2603 296 2664 inde
314 2603 406 2681 colligi
430 2607 552 2684 poterit,
584 2607 645 2665 Ηο·
691 2603 1011 2684 postoliosillnstratur
1032 2606 1188 2666 abeodem

145 2709 250 2750 merum
262 2695 404 2750 auctorem
424 2709 482 2749 non
505 2711 568 2752 esse
582 2712 643 2752 car·
693 2689 874 2750 Henrichsen.
894 2691 913 2749 l.
926 2690 945 2750 l.
961 2710 1027 2769 pag.
1041 2693 1188 2764 18-26,

147 2777 251 2836 minam
263 2777 448 2854 Cypriorum,
470 2777 571 2854 quihus
587 2775 645 2836 Pa·
694 2775 743 2853 qui
759 2777 842 2836 etiam
855 2783 994 2855 quotquot
1008 2776 1106 2836 horum
1127 2794 1188 2834 car-

145 2862 185 2920 ris
198 2863 290 2919 lausto
304 2862 404 2920 itinere
423 2862 479 2920 iam
492 2864 575 2922 tertio
598 2863 645 2922 die
693 2859 798 2920 minum
817 2867 925 2920 exstant
941 2865 1112 2939 fragmenta,
1131 2861 1188 2920 col-

146 2947 178 3005 in
202 2946 320 3024 patriam
346 2947 494 3007 revertisse
514 2947 646 3007 hadeba-
694 2944 764 3022 legit
789 2965 822 3004 ac
841 2947 980 3006 recensuit
1002 2967 1032 3025 p.
1047 2947 1091 3011 34
1109 2966 1188 3022 seqq.

147 3037 205 3090 tur.
248 3031 330 3098 Quae
344 3033 550 3108 argumentatio
579 3052 646 3113 spe·
691 3063 736 3113 .·'·
756 3029 925 3090 Deanetore
935 3031 1085 3090 carminum
1096 3030 1189 3090 Hero·

149 3113 646 3190 dosiorquamveriorvideturHen-
695 3116 757 3176 doti
792 3119 885 3174 aetate
919 3115 974 3173 iam
1007 3115 1188 3192 disceptatum

149 3199 288 3273 richsen.,
308 3199 365 3257 viro
377 3200 478 3275 docto,
499 3201 528 3259 in
546 3219 645 3262 comm.
695 3201 796 3274 fnisse,
810 3218 844 3259 ex
854 3199 907 3259 hoc
918 3197 980 3258 loco
994 3205 1087 3277 patet,
1100 3198 1188 3257 idern-

150 3285 191 3344 de
205 3303 317 3343 canum
337 3284 421 3362 Cypr.
443 3286 536 3345 Havn.
562 3289 645 3353 1828
695 3306 752 3365 que
775 3285 834 3344 aliis
866 3303 979 3362 quoque
1002 3281 1136 3343 Athenaei
1158 3288 1188 3343 et

147 3389 216 3450 pag·
230 3373 251 3433 7
265 3388 325 3446 seq.
366 3369 503 3446 Equidem
527 3371 567 3431 nil
587 3373 646 3432 ‹lis-
694 3369 786 3433 Procli
801 3370 867 3430 locis
884 3369 1095 3448 comprobatur,
1116 3384 1187 3444 qnos

145 3473 276 3525 cernam3
291 3454 344 3513 hoc
356 3455 442 3513 modo
455 3459 542 3517 teneri
553 3458 645 3534 velim,
695 3455 780 3516 affert
793 3453 972 3516 Henrichsen.
985 3455 1003 3514 l.
1016 3453 1035 3513 l.
1049 3473 1078 3531 p.
1091 3451 1112 3518 4
1123 3472 1187 3530 sqq.

144 3537 326 3602 Aristotelem
348 3559 460 3618 quoqne
483 3561 516 3601 ax
535 3543 646 3604 nivosa
695 3541 892 3602 accuratiorem
904 3539 1188 3600 indeinstituenadis-

145 3625 361 3686 Homericomm
374 3627 573 3706 etCypriornm
585 3647 647 3688 car-
695 3626 869 3704 qniaitionem
882 3627 919 3687 de
937 3644 1004 3685 vero
1017 3623 1115 3683 horum
1126 3642 1188 3683 car-
1244 3661 1251 3674 =

147 3713 256 3771 minum
269 3710 362 3771 indole
376 3711 513 3772 disemum
522 3720 647 3774 statuere
695 3716 800 3772 minum
817 3717 946 3785 anctore,
967 3729 1049 3788 quem
1063 3708 1109 3768 alii
1122 3709 1188 3768 Sta-

148 3802 307 3871 nnctorem,
330 3796 367 3856 de
380 3803 432 3855 art.
445 3801 521 3876 polit
536 3819 579 3877 cp.
593 3801 644 3864 23.
696 3799 786 3857 sinum
806 3796 941 3875 Cyprium
961 3796 1056 3872 (unde
1076 3812 1188 3871 quoque

149 3881 200 3941 Gr.
221 3881 262 3939 ad
285 3887 477 3958 argumentum
499 3882 579 3942 huius
599 3900 646 3942 ca·
694 3883 844 3942 carminum
870 3901 988 3954 nomen,
1017 3879 1085 3952 nisi,
1110 3879 1188 3956 quod

146 3967 212 4046 pitis
226 3968 345 4026 conferri
360 3967 421 4026 vult
434 3967 594 4028 Groddeck.
610 3968 647 4028 de
696 3965 757 4024 aliis
769 3969 859 4027 verius
879 3967 1006 4040 videtin,
1026 3984 1060 4024 ex
1073 3962 1188 4042 Cypride

146 4053 275 4128 hymnor.
287 4051 415 4110 Homerr.
430 4053 552 4129 reliquiis
568 4050 644 4130 ptr
698 4047 829 4131 [Venere]
838 4051 906 4111 illnd
916 4051 1122 4121 derivandum),
1129 4048 1188 4107 He·

147 4143 178 4198 et
192 4138 249 4202 42.
290 4135 427 4197 Matthiae
447 4138 646 4198 animadversa.
697 4135 825 4212 gerinum
849 4137 919 4210 alii,
953 4135 1107 4194 Homerum
1128 4131 1187 4207 alii,

147 4223 186 4282 ad
207 4221 305 4296 hymn.
320 4223 435 4282 Homer.
455 4242 521 4303 pag.
533 4226 576 4287 68
584 4240 645 4299 seq.
696 4221 766 4280 alios
794 4220 841 4281 alii
867 4221 1002 4282 terebant.
1052 4215 1114 4277 Noa
1140 4217 1188 4276 illa

189 4300 242 4369 du
255 4297 312 4366 οὐκ
325 4300 459 4414 ‘Oppique
474 4304 511 4369 col
523 4301 647 4408 Κύπρια
697 4306 811 4384 quidem
837 4305 912 4364 haud
939 4309 1110 4383 repetamua3
1134 4301 1188 4361 hoc

150 4383 227 4457 lucri
243 4387 324 4468 tos,
351 4386 408 4455 itt
434 4388 528 4458 ἄλλον
547 4389 647 4472 τινος]
697 4411 784 4452 unum
799 4391 905 4452 addere
916 4388 1031 4472 placet,
1046 4388 1126 4462 notia
1146 4386 1188 4446 ri·
