3012 5182
432 465 752 531 EUTERPE.
794 465 830 526 11.
1042 465 1102 527 dil

152 661 227 726 τήν.
251 635 437 725 φράσαντες
457 635 510 717 dl,
538 630 767 702 πυνθάνονται
787 627 870 714 παρ’
893 625 1003 698 πάτάυ
1023 627 1107 697 κατά

154 757 302 844 ἥντινα
328 755 509 843 βοάλονταί
535 775 594 841 σφι
624 758 848 838 σκευασθῆναι
882 748 943 818 τὸν
977 747 1106 833 νεκρόν.

131 880 193 946 4οἰ
212 879 271 964 μὲν
294 875 334 963 δή
361 873 529 956 ἐκποδών,
558 881 669 962 μισθῷ
697 871 973 958 ὁμολογήσαντες,
1003 864 1149 935 duat-35

160 995 349 1064 λάσσονται·
387 998 421 1063 ol
442 995 478 1064 di
506 993 759 1076 ὑπολειπόμενοι
787 992 822 1059 ἐν
844 987 1016 1076 οἰκήμασι,
1045 978 1107 1054 nida

136 1118 202 1186 5τά
223 1115 465 1186 σπουδαιότατα
486 1113 704 1200 ταριχεύουσι.
746 1115 861 1194 πρῶτα
897 1109 956 1195 μὲν
985 1111 1108 1197 σκολιῷ

162 1237 281 1327 σιδήρῳ
304 1234 358 1304 διά
381 1241 449 1303 τοῖν
469 1233 670 1320 μυξωτήρων
699 1229 852 1316 ἐξάγουσι
879 1226 938 1296 τόν
968 1226 1107 1314 ἐγκέφα-

159 1365 233 1441 λον,
255 1357 296 1426 τά
316 1355 375 1442 μὲν
396 1351 503 1423 αὐτοῦ
528 1351 616 1421 οὕτω
641 1350 825 1438 ἐξάγοντες,
854 1345 894 1416 τά
920 1347 955 1415 di
977 1345 1107 1433 ἐγχέον-

135 1491 209 1558 στες
230 1474 410 1564 φάρμακα,
430 1471 510 1561 μετά
532 1473 583 1555 di,
605 1471 690 1562 slep
706 1472 893 1560 Αἰθιοπικῷ
915 1464 981 1548 ὀξέϊ
1000 1489 1107 1551 παρα-

161 1747 236 1812 nord
253 1745 294 1832 ἦν
307 1774 373 1812 τινα
382 1746 541 1830 βοάίονταί
552 1769 610 1833 σφι
659 1751 786 1827 adeoque
812 1766 903 1808 secum
922 1747 951 1804 iu
973 1743 1151 1803 Germaniam
1211 1759 1213 1770 ’

116 1859 148 1898 τι.
169 1860 191 1898 τ.
211 1840 257 1908 ἰ]
300 1838 406 1916 Supple
433 1839 608 1916 ταρίχευσιν.
660 1836 782 1894 attulisse
794 1839 911 1893 testetur
924 1826 1151 1889 MiuutoliNach·

115 1923 220 1982 Stmve
235 1923 314 1982 scribi
336 1922 393 1981 vult
413 1919 475 1984 κατ’
490 1919 608 2004 ήντινα.
659 1923 740 1996 trdge
757 1927 808 1980 etc.
826 1937 891 1997 pag.
910 1916 970 1988 195
990 1922 1048 1975 not.
1064 1918 1091 1978 1.

112 2006 182 2066 Vid.
199 2014 257 2068 not.
275 2009 312 2066 ed
331 2007 465 2083 1¹‚24.·
703 2000 754 2066 διά
783 2005 845 2064 τοῖν
874 1993 1059 2082 μυξωτήρων
1085 1991 1151 2072 ἰξά-

159 2091 192 2154 οἰ
204 2089 259 2172 μὲν
270 2089 308 2170 δή
324 2085 610 2156 enneade—dnm.
659 2107 747 2172 γουσι
768 2085 819 2150 τάν
833 2083 1014 2169 ἐγκέφαλον]
1037 2082 1152 2144 Cerebri

112 2171 294 2257 λάσσονται]
317 2177 485 2255 Obloquitur
502 2179 610 2237 Diodo-
658 2195 804 2254 peruerse
819 2174 911 2233 educti
924 2189 983 2230 orm
995 2167 1151 2248 nullaepud

111 2281 163 2321 rus
176 2262 195 2320 l.
207 2262 236 2336 1.,
257 2261 361 2340 populo
374 2281 466 2321 coram
481 2261 610 2322 solemni·
659 2260 815 2320 Diodorum
828 2260 947 2331 mentio,
960 2256 1152 2316 Herodoteam

112 2349 226 2423 busque
237 2347 331 2405 ritibus
344 2347 474 2406 adhibitis
488 2349 534 2424 qui
544 2349 609 2406 dicit
660 2347 846 2404 narrationem
861 2343 936 2403 baud
954 2341 1032 2420 pauci
1046 2340 1074 2396 in
1087 2356 1153 2398 exe·

113 2432 291 2491 condituram
319 2452 379 2492 esse
405 2439 610 2512 perpetratam
657 2449 722 2490 meu
734 2436 951 2504 vocantes,eem
967 2445 1079 2504 prorsus
1086 2441 1152 2482 con·

112 2517 275 2594 quodcum
294 2517 439 2576 Herodoto
461 2518 501 2576 sic
516 2519 610 2576 sorsen
658 2535 755 2593 gruem
771 2533 803 2573 ac
814 2533 906 2574 veram
919 2514 1096 2580 invenenmt3
1109 2509 1152 2565 in·

114 2601 254 2662 conciliari
267 2603 386 2680 poterit,
408 2615 452 2676 ut,
475 2604 610 2662 cadavere
660 2620 715 2677 que
729 2601 837 2659 mumiis
849 2601 915 2679 ipsis
938 2603 1030 2676 partes
1043 2598 1152 2652 nerium

113 2687 234 2758 tradito,
256 2688 416 2746 necessariis
432 2688 508 2747 abire
528 2687 611 2745 liene·
660 2687 733 2744 ferro
745 2686 833 2744 laesos
846 2683 959 2764 reperiri
972 2682 1065 2740 testati
1080 2684 1151 2739 sumt.

115 2775 163 2829 ril.
216 2772 257 2831 lte
283 2774 384 2848 zoega
417 2773 453 2831 de
484 2773 609 2833 obelisco
660 2770 725 2828 Vid.
740 2772 871 2830 Creuzer.
889 2769 905 2827 l.
919 2771 947 2842 1.,
967 2768 1013 2844 qui
1028 2766 1152 2844 inprimis

116 2877 147 2934 P·
162 2860 223 2922 256
238 2866 266 2916 et
279 2859 435 2917 Creuzerus
454 2856 471 2917 l.
486 2858 504 2917 Ι.
518 2880 547 2937 p.
559 2862 611 2922 20.
662 2854 954 2914 laudatlllumenbach.
965 2855 993 2910 in
1002 2852 1079 2910 Gotl.
1088 2850 1154 2908 Ma-
1267 2929 1269 2935 Ι

116 2945 169 3006 21.
663 2960 724 3016 gez.
744 2941 755 2998 l
778 2961 805 3018 p.
822 2939 881 3004 185
905 2945 933 2998 et
955 2937 1086 3012 beitrage
1104 2953 1175 2992 zur·

162 3022 194 3086 οἰ
206 3019 239 3084 dl
261 3019 496 3103 άποίειτιάμευοι
520 3023 552 3086 ἔν
568 3025 611 3088 ol·
662 3025 876 3101 Neturgeselr.l
902 3044 930 3102 p.
951 3023 1010 3084 131
1030 3023 1075 3080 ed.
1098 3039 1152 3078 see.

116 3103 253 3187 κήμασι]
278 3108 315 3168 οἰ
335 3107 374 3170 di
397 3119 462 3169 sunt
477 3111 610 3170 taricbeu-
662 3111 765 3186 Royer.
780 3117 809 3170 et
824 3109 942 3168 lomard.
962 3107 989 3162 in
1011 3106 1098 3163 deser.
1117 3106 1154 3164 de

116 3200 183 3266 tee,
206 3211 268 3250 cum
284 3193 315 3252 οἰ
329 3189 382 3268 μὲν
399 3197 427 3252 in
444 3196 612 3254 anteceden-
661 3194 732 3272 lag.
747 3204 803 3254 aut.
819 3194 871 3254 col.
889 3193 914 3250 ll
928 3212 956 3270 p.
972 3189 1042 3256 215.
1058 3187 1129 3252 844·

116 3279 193 3336 tibus
219 3278 275 3334 siut
301 3279 422 3336 defuncti
448 3281 611 3352 necessarii3
704 3277 740 3341 τά
768 3278 800 3342 δὲ
822 3276 969 3358 ἐγχέοντες
991 3268 1152 3352 φάρμακα]

116 3361 151 3424 ἔν
164 3355 310 3440 οἰκήμασι
322 3364 340 3419 i.
351 3383 374 3421 ε.
392 3383 442 3422 σου
453 3370 510 3423 sois
524 3371 553 3423 ιά
565 3385 611 3423 αε-
661 3364 867 3425 Merlicemente
887 3365 955 3422 haec
980 3359 1072 3439 qualia
1093 3360 1155 3418 tue·

117 3448 233 3525 deficiis,
256 3449 315 3507 sive
328 3447 509 3525 defunctorem
521 3454 551 3508 ιἰι
564 3471 610 3509 oe·
661 3451 732 3526 rint,
754 3470 787 3510 ex
801 3452 891 3508 resine
907 3447 1021 3526 aliisque
1033 3446 1154 3504 materiis

117 3533 212 3608 didm,
232 3535 284 3592 sed
305 3534 334 3591 in
352 3535 483 3592 aedificiis
496 3535 612 3614 illispu·
661 3536 690 3592 in
721 3538 813 3595 cranio
848 3535 1009 3594 muminrum
1039 3533 1154 3610 repertis

116 3619 192 3677 blicis
221 3619 260 3676 ed
292 3619 448 3678 condienda
477 3621 612 3680 caderem
661 3621 790 3698 colligere
807 3621 886 3692 licet3
907 3635 1074 3696 quemqnam
1088 3616 1155 3676 illud

118 3703 278 3777 (imbuatis,
308 3723 364 3780 quo
389 3711 513 3763 mortuos
540 3706 613 3765 hunc
665 3709 777 3784 quidem
797 3707 911 3778 mirum,
933 3704 992 3763 eliis
1006 3705 1035 3762 in
1056 3704 1154 3761 creniis
1246 3699 1249 3706 ’

117 3789 147 3845 in
170 3789 250 3847 finem
278 3789 445 3849 detulerint·
484 3790 546 3850 Vid.
576 3792 612 3868 ll,
663 3792 823 3870 plurimam,
845 3791 873 3850 in
892 3789 951 3850 aliis
967 3808 1080 3868 prorsus
1095 3787 1156 3846 nul-

117 3873 160 3938 85
176 3873 222 3931 fin·
663 3877 719 3936 lam
734 3898 796 3936 esse
807 3883 953 3955 repertam.
988 3873 1050 3934 Vid.
1067 3875 1156 3933 Creu·

161 3948 220 4020 eide
240 3953 277 4019 τά
296 3953 515 4022 σπουδαιότατα
530 3984 612 4041 ταρι-
664 3981 720 4021 zer.
733 3962 751 4021 l.
764 3962 782 4021 l.
794 3963 887 4038 ibique
899 3959 1093 4020 Blumeubacln
1105 3958 1124 4016 l
1136 3957 1155 4018 l.

115 4036 260 4124 χεάονσι]
283 4045 337 4104 ie.
355 4041 431 4106 κατά
443 4041 501 4126 τήν
519 4063 612 4108 σιτου-
663 4066 691 4126 p.
705 4050 747 4111 98
765 4054 794 4106 et
811 4046 929 4105 Gmelin.
942 4045 972 4104 in
985 4063 1082 4103 nomm.
1098 4063 1153 4102 soc

115 4124 279 4207 docuerisque
301 4133 486 4212 ταρίχευσιν,
506 4138 538 4190 ut
552 4151 613 4191 mo·
664 4131 741 4189 Gom
755 4132 794 4191 lV
804 4151 871 4210 pag.
887 4129 908 4194 4
920 4150 998 4209 seqq.

114 4221 166 4274 net
177 4215 463 4293 Schweighaeuserus.
706 4215 791 4298 λίθςο
803 4213 1001 4298 Αἰθιοπικῷ]
1029 4213 1083 4272 His
1104 4228 1157 4290 pa-

159 4303 271 4384 σκολιῷ
291 4295 425 4383 σιδήρῳ]
448 4301 614 4362 Huiusmodi
663 4303 704 4362 rie
718 4301 829 4378 quidem
843 4300 984 4360 Diodorus
999 4299 1081 4373 1,9t.
1101 4296 1157 4356 Le-

114 4385 264 4470 cultrosex
276 4405 342 4446 aere
361 4389 489 4462 (Bronze
502 4389 613 4463 dicunt)
662 4387 757 4466 pidem
772 4387 864 4465 ipsum
881 4385 918 4442 ad
940 4384 1089 4444 emendum
1110 4399 1157 4440 ce·

114 4469 273 4532 elaboratos
292 4472 495 4552 complutense
512 4473 615 4534 ddisse
662 4473 750 4531 decer
769 4468 923 4530 adhibitum
946 4487 981 4529 ex
999 4487 1034 4528 eo
1052 4485 1157 4544 genere
