3008 5172
422 443 737 509 EUTERPE.
779 443 815 508 u
1023 444 1092 512 m.

102 613 205 686 aiore
232 612 350 699 liquo.
392 609 467 682 ὅσοι
493 609 530 682 di
556 615 682 696 Kmnir
709 611 773 681 sisi
799 607 837 680 iv
857 606 1015 698 Aput-cp
1037 609 1090 678 oi·
1179 589 1181 599 ’

124 733 283 813 aim,
321 722 415 802 οὗτοι
440 732 477 801 di
507 728 658 824 τοσούτῳ
678 731 726 812 ἔτι
750 729 988 803 aurisonum
1007 725 1089 800 sori-

126 875 218 936 των,
260 849 328 942 ὅσῳ
359 851 418 920 stul
448 850 491 920 sd
517 851 650 940 μέτωπα
684 850 860 922 κόπτονται
895 849 1088 938 μαχαίρῃσι·

130 973 192 1041 καὶ
211 971 319 1062 τούτῳ
345 973 406 1042 eloi
435 975 533 1060 δῆλοι
564 969 616 1040 ὅτι
640 971 702 1040 eloi
729 972 831 1051 ξεῖνοι
858 970 915 1038 καὶ
942 965 1006 1039 οὐκ
1027 971 1089 1038 Λὶ-

24 1097 87 1168 62
131 1089 272 1180 priusnos
292 1090 345 1174 Ἐς
366 1089 456 1162 Σάϊν
476 1093 512 1162 di
532 1091 633 1162 πόλιν
652 1087 752 1160 ἐπεὰν
771 1089 990 1177 συλλεχθέωσι
1011 1095 1086 1180 τῇσι
1094 1091 1341 1155 wimm-

1129 1144 1240 1189 Saitiounr
1251 1153 1342 1188 noetur-

1130 1209 1203 1250 nuur,
1242 1195 1341 1238 inorruit

1033 1263 1039 1272 ·
1133 1259 1173 1302 per
1186 1251 1257 1290 toturn
1266 1249 1341 1302 Aegy-

1130 1305 1193 1355 pton
1205 1298 1316 1343 ammio.

91 1389 205 1448 honoros
218 1390 358 1449 uerberare
372 1408 394 1447 s.
407 1389 523 1466 inflictis
536 1385 592 1446 sibi
639 1383 704 1445 Vrd.
720 1383 926 1446 Schliohthorst
940 1383 987 1443 ti
1001 1404 1064 1463 pag.
1078 1389 1130 1451 68.

87 1475 232 1536 vambos
245 1475 364 1553 niiprem
377 1473 477 1552 ingere.
512 1473 589 1532 Satis
638 1470 800 1531 Herodotus
813 1470 959 1548 aliquoties
977 1471 1051 1530 urbis
1066 1472 1133 1531 t'aoit
1251 1535 1254 1542 ,

85 1579 165 1622 osum
178 1563 328 1620 firmarunt
339 1559 421 1618 huius
435 1560 487 1619 ioci
503 1560 589 1618 iuter-
639 1557 807 1618 mentionem
820 1555 864 1630 11,
879 1559 940 1622 169
954 1575 1012 1632 seq.
1056 1556 1131 1616 Nam
1170 1561 1172 1568 '

83 1652 199 1725 protes,
215 1665 268 1702 neo
281 1644 354 1720 sugit
366 1644 411 1704 ille
423 1645 588 1704 industriam
638 1642 812 1721 splendidum
825 1641 854 1700 in
870 1661 903 1701 ea
910 1641 1052 1700 Minervae
1061 1647 1132 1702 tem-

84 1729 229 1790 Mutthioe
242 1729 273 1785 in
289 1729 342 1785 Gr.
359 1729 407 1786 Gr.
428 1751 457 1810 p.
469 1729 541 1795 758.
636 1727 726 1807 plnnr,
743 1728 773 1786 in
788 1746 844 1804 quo
855 1726 976 1806 Aegypti
989 1745 1071 1803 reges
1085 1747 1132 1786 se·

134 1807 175 1874 οὔ
198 1834 252 1890 μοι
275 1803 359 1874 ὅσιόν
379 1813 439 1876 ἔστι
469 1813 585 1896 λέγειν]
637 1813 825 1892 poliebantur,
854 1821 998 1889 praetereo
1015 1811 1131 1888 collegia

90 1896 149 1958 scil.
164 1897 300 1974 religione
314 1898 462 1974 impeditus
479 1900 531 1959 sihi
546 1901 588 1958 vi·
637 1899 810 1958 sacerdotum
824 1897 877 1956 illic
892 1899 1044 1972 florebant,
1055 1899 1131 1958 unde

90 1984 230 2056 debatur,
251 2003 306 2060 quo
325 1983 433 2059 minus,
450 2005 523 2062 quoe
542 2006 589 2046 se·
638 1983 807 2044 Graeoorum
827 1983 966 2060 sapientes
986 2003 1037 2042 sun
1057 1983 1131 2042 didi-

90 2075 170 2129 oretu
184 2087 220 2128 ex
240 2069 378 2145 mysteriis
401 2070 530 2130 didicerat
550 2071 589 2130 ab
638 2068 710 2128 risse
744 2070 877 2129 semotio.
926 2069 1007 2138 Quae
1040 2075 1134 2130 nmen

88 2152 294 2232 Aegyptiorum
321 2155 524 2229 sacerdotibus,
544 2157 589 2214 di-
639 2155 874 2226 uunomittimus;
895 2171 1059 2230 quaeremus
1081 2174 1135 2234 po·

88 2239 231 2316 vulgaret.
272 2238 411 2300 Osiridem
425 2260 491 2299 vero
510 2239 591 2302 intei—
640 2238 925 2317 tins,quulosue1·it
950 2240 1068 2312 festum,
1096 2241 1134 2300 de

89 2324 239 2400 ligendunr
249 2345 310 2384 esse
322 2344 408 2404 supra
418 2325 474 2384 ism
486 2327 590 2385 monui·
640 2343 696 2402 quo
707 2325 752 2384 hie
765 2324 871 2384 Noster
881 2324 981 2399 refert,
1003 2332 1032 2384 et
1045 2325 1073 2382 in
1085 2343 1136 2382 en·

89 2429 166 2468 mus.
182 2409 285 2468 -Ad
298 2427 346 2484 en,
366 2429 441 2488 quoe
463 2412 590 2471 oontinuo
638 2411 746 2470 insnum
765 2409 884 2470 numinis
906 2409 1038 2472 honorem
1056 2409 1136 2484 insti-

90 2501 266 2572 seqnnntur,
289 2495 339 2556 Cr.
352 2498 474 2558 confert:
495 2495 592 2557 Leuke
638 2502 737 2555 tutum.
771 2495 940 2556 Referuntur
953 2494 1084 2554 nonnulla
1096 2495 1134 2556 de

89 2579 134 2640 les
146 2581 308 2659 principans
324 2589 497 2643 monuments
513 2582 591 2658 Egy-
640 2581 694 2640 boo
715 2581 788 2640 festo
807 2581 851 2655 11,
873 2583 933 2645 171
960 2585 989 2640 et
1008 2585 1136 2642 noorrata

91 2666 185 2745 ptieus
208 2685 244 2726 en
258 2666 425 2742 angleterre
447 2667 590 2745 (Londin.
641 2665 751 2744 templi,
772 2667 801 2724 in
815 2683 870 2743 quo
882 2666 1040 2745 peragitur,
1056 2665 1135 2727 exhi·

93 2752 195 2828 1821)
206 2771 273 2832 pag·
287 2757 341 2819 27.
640 2752 723 2813 betur
736 2750 883 2830 descriptio
896 2751 940 2825 li,
958 2755 1028 2817 170.
1058 2750 1134 2810 Nam

243 2879 326 2960 ΟΨ·
353 2877 444 2941 Lm
642 2835 1135 3002 Sodismezddudrocdrdffnteddnssloqusog

141 2997 262 3076 iezo'rv
276 3001 308 3066 di
321 3001 412 3069 πόλιν
427 2999 519 3068 inodo
527 3009 593 3067 oui·
642 3005 734 3084 pultus
747 3007 894 3068 serebatur.
938 3006 1017 3075 Quae
1033 3008 1134 3068 sicum

92 3087 247 3169 λεχθέωσι
264 3093 333 3174 τῇσι
349 3089 498 3176 θυσίῃσι]
524 3094 594 3175 τῇσι
641 3091 717 3150 hisce
728 3111 940 3171 componamus,
960 3091 1135 3150 rixdnbiuor

92 3174 248 3258 θυσίῃσιε
275 3173 313 3232 od
330 3195 406 3237 torro
426 3175 592 3256 peragendo,
642 3177 708 3250 erit,
728 3177 782 3238 hoo
802 3195 913 3254 quoque
926 3177 1025 3236 festum
1044 3175 1135 3234 Osiri·

94 3259 300 3338 amfleotnor,
323 3262 595 3324 utnonetSdruefe·
642 3261 686 3320 dis
699 3261 729 3320 in
750 3261 884 3324 honorem
902 3261 988 3320 fuisse
1009 3257 1134 3320 odebra·

95 3365 145 3406 nu
156 3343 324 3422 adDiooyo.
331 3345 368 3405 de
380 3349 520 3426 oonposit
527 3365 592 3407 ver-
640 3353 716 3422 tun,
742 3347 772 3406 in
788 3346 948 3420 memorium
969 3345 1070 3424 opinor
1085 3362 1136 3404 eo·

96 3431 240 3509 bonpag·
254 3431 329 3497 806.
371 3427 445 3491 Add
456 3431 592 3494 Matthiae
644 3429 1136 3510 rnrn‚qnneillehon1inibnssttn-

99 3514 152 3574 (ἰτ-
177 3516 228 3576 Gr·
255 3511 284 3593 §-
308 3515 391 3590 401,
413 3521 443 3582 3.
463 3547 505 3563 -
526 3517 596 3578 Soio
644 3516 716 3578 ierat
743 3518 890 3590 beneficia,
925 3535 1053 3595 quaeque
1072 3515 1135 3594 ipse

96 3601 178 3674 arbo,
197 3603 275 3660 noni
292 3601 389 3662 Seitioi
409 3609 493 3681 ooput
508 3604 595 3663 adeo-
642 3621 742 3682 passus
756 3601 947 3664 erotmalund
959 3607 1135 3662 monemus-

99 3704 158 3762 qne
173 3685 275 3748 Ddtae
293 3685 448 3762 inferioris,
470 3688 593 3746 nonnihil
643 3707 699 3766 que
719 3689 847 3748 miseram
870 3707 887 3746 n
911 3687 1059 3767 Typhonis
1075 3705 1137 3745 nra·

98 3775 207 3830 remota
220 3773 355 3833 orientem
368 3792 463 3832 versus
475 3773 593 3832 acano-
642 3774 724 3834 nibus
739 3773 879 3834 indictam.
900 3772 1043 3832 hfinerrae
1057 3770 1137 3849 quod

98 3855 165 3934 pico
178 3857 262 3914 fluvio
278 3857 332 3916 sita
351 3864 419 3918 erat.
464 3856 595 3938 Splendi·
642 3860 744 3920 festum
758 3861 921 3920 nolucribitur
933 3857 973 3933 (li
981 3893 995 3931 ,ι
1003 3859 1070 3934 69),
1083 3856 1160 3914 bos'
1253 3919 1256 3924 ,

100 3940 277 4000 dissimorom
303 3944 507 4017 aedificiorum,
531 3943 593 4021 qui-
642 3948 795 4004 tenendum
814 3951 873 4017 est,
894 3942 1047 4002 Mineruam
1064 3941 1137 4001 hano

99 4025 156 4086 bns
172 4025 234 4084 olim
247 4035 345 4088 ornata
360 4031 507 4103 sniturbs,
522 4049 592 4108 pau·
643 4028 742 4106 (quarn
757 4029 888 4108 Aegyptii
905 4045 1019 4088 vocasse
1037 4025 1136 4084 diosn—
1256 4098 1260 4108 Ι

101 4127 138 4168 oa
151 4111 252 4171 rudera
265 4113 392 4192 dispersa
415 4116 507 4176 adhuc
527 4131 594 4174 oon-
642 4119 689 4172 tur
709 4111 819 4188 Nriti,
841 4111 915 4171 unde
932 4114 1023 4191 ipsrun
1044 4109 1136 4168 Grae·

99 4193 254 4273 spiriuntnr
268 4198 305 4256 ad
316 4199 406 4258 rioum
421 4199 477 4260 Son
494 4221 517 4260 s.
536 4198 594 4258 Suo
642 4217 705 4258 euru
715 4197 786 4258 deuo
800 4213 902 4258 nomeu
918 4203 1006 4254 ortum
1024 4191 1134 4268 volunt)

97 4277 131 4338 ni
148 4279 274 4356 Hodjor,
294 4281 386 4362 inquo
400 4286 521 4346 oernitnr
532 4289 594 4361 ety-
609 4319 612 4324 ·
641 4302 700 4344 non
714 4283 786 4342 adeo
798 4283 912 4342 differre
925 4280 961 4340 ob
973 4279 1065 4353 iside,
1086 4297 1137 4338 re·

98 4365 594 4447 mondegyptiurn,quodSniiuisae
641 4386 701 4427 ram
714 4375 743 4428 et
764 4364 974 4426 reoonditiorem
991 4361 1062 4421 illius
1083 4381 1137 4420 no-

98 4449 454 4534 vnucnanpouiottu
475 4475 506 4536 p·
520 4457 593 4520 219.
640 4452 784 4514 tionemsi
801 4457 919 4530 spectes.
960 4447 1064 4510 uiden
1083 4465 1135 4506 au·
