3048 5218
467 444 783 510 nuruann.
825 444 862 506 u
1069 445 1134 510 coo
1246 537 1249 543 Ι

174 611 357 702 γινόμενον
388 565 555 682 lctciccos·
591 608 692 680 laesia
715 609 752 681 dh
780 606 939 698 aagsllbg
961 605 1072 706 adm
1091 609 1133 677 sci

176 740 317 822 χερσαῖα
336 732 393 802 sal
414 733 454 802 cd
474 729 642 803 θαλάσσια
661 729 718 801 sul
737 727 779 800 τὰ
798 728 948 810 πετεινὰ,
980 719 1075 810 αὖτις
1099 727 1133 809 lc

131 1067 200 1110 eam
221 1048 275 1108 sibi
303 1045 470 1108 senteutiam
496 1048 634 1130 unlsyye-
725 1038 938 1124 τοῦσώματος
962 1039 995 1108 dh
1022 1041 1175 1122 καταφθί·

133 1133 239 1206 νεσίας
251 1134 365 1192 notione
386 1131 564 1204 informasse3
585 1153 634 1192 ve-
683 1130 811 1208 νοντος]
830 1131 911 1191 Haec
929 1131 966 1192 de
984 1149 1088 1210 empore
1103 1129 1174 1189 dilu-

135 1220 163 1277 ri
178 1218 263 1278 simile
283 1219 348 1278 iude
363 1217 409 1290 tit,
430 1215 632 1295 Aegyptiorum
678 1237 729 1296 pso
747 1223 773 1277 et
793 1221 822 1276 s'n
836 1219 934 1275 cinon
948 1216 1077 1276 dissoluto
1094 1215 1175 1276 intel-

137 1305 297 1364 sacerdoter
323 1321 480 1364 reservasse
505 1303 558 1362 sibi
574 1324 633 1364 ssu-
681 1301 793 1380 ligenda
809 1321 871 1362 esse
889 1303 944 1360 iam
963 1321 1047 1380 snpra
1067 1300 1175 1360 monui-

136 1389 319 1470 λιγγενεσίας
345 1386 514 1448 subtiliorem
544 1396 631 1465 atque
681 1407 751 1448 mus.
792 1385 879 1446 Plura
897 1387 954 1446 vid
968 1388 998 1445 in
1016 1405 1119 1447 exusrn
1136 1387 1174 1445 ad

134 1475 314 1534 eruditiorem
350 1472 490 1551 quandam
527 1473 631 1532 doctri·
680 1471 742 1534 hl.

134 1577 220 1632 nana,
249 1559 288 1615 nd
307 1559 429 1618 Graecos
447 1557 630 1638 philosophos
722 1552 816 1619 inscia
827 1553 860 1619 dl
872 1552 1018 1640 περιέλθῃ
1030 1547 1173 1616 adnata

136 1661 213 1720 quae
223 1643 480 1720 postpermanavit3
495 1663 558 1703 cnm
570 1643 631 1723 ple-
680 1647 804 1724 χερσαῖα
817 1665 845 1704 ss.
860 1664 885 1702 τ.
901 1639 939 1721 l.]
960 1641 1006 1702 De
1025 1660 1109 1700 sensu
1121 1640 1174 1699 ho-

139 1727 178 1784 he
200 1732 294 1784 autem
311 1728 523 1789 communicasse
545 1729 631 1809 placi-
679 1749 740 1788 rum
759 1729 904 1792 verborum
923 1727 980 1786 vid.
1007 1744 1090 1804 supra
1116 1725 1174 1785 dis-

140 1816 200 1869 tum
214 1811 457 1888 traunigrationis
476 1813 631 1873 animarum
678 1817 782 1893 putuit.
835 1813 890 1872 Hic
916 1813 1067 1872 admonere
1094 1809 1173 1871 liceat

140 1892 504 1975 sivepcsevoupusoioeuc.
546 1899 631 1958 Hanc
679 1899 847 1976 imaginem,
867 1898 967 1974 quibus
978 1896 1048 1959 hnec
1066 1896 1173 1955 anima·

8 2027 11 2062 Γ
138 2000 206 2040 vero
218 1981 631 2064 disciplinammixtamtempe-
680 2005 740 2045 rum
759 1983 888 2062 migratio
902 1983 939 2041 ad
958 1981 1097 2042 oculorum
1108 2001 1173 2043 sen·

136 2068 631 2145 rntamquepastoritiasuperstitione
680 2089 726 2129 sus
753 2071 882 2128 traducta
911 2073 939 2128 et
966 2072 1174 2145 repraesentata

8 2201 9 2204 η
135 2158 166 2211 et
184 2151 349 2212 sacerdotali
370 2151 521 2214 eruditione
537 2154 631 2214 Hero-
679 2155 816 2214 invenitur
832 2155 862 2212 in
876 2157 921 2212 tot
934 2151 1096 2231 anaglyphis
1112 2172 1173 2211 mo·

8 2291 10 2316 p
135 2236 220 2296 dotus
236 2236 281 2296 hic
295 2239 416 2318 prodere
431 2243 481 2296 aut
496 2245 569 2299 certe
581 2257 631 2300 er·
679 2245 873 2300 numentornm
883 2236 1092 2317 Aegyptiorum.
1108 2237 1172 2296 Plu·

134 2323 233 2382 tremis
252 2321 331 2382 lineis
345 2321 502 2382 describere
513 2324 629 2400 videbar,
678 2327 748 2384 rima
758 2324 958 2384 laudatCreuz.
970 2325 1000 2382 in
1014 2329 1171 2383 commenti.

135 2407 176 2466 ita
191 2413 222 2466 ut
235 2407 289 2467 loci
310 2413 502 2484 argumentum
521 2426 556 2468 eo
571 2411 630 2470 t'ere
678 2411 805 2470 Herodd.
825 2431 854 2490 p.
867 2410 931 2473 339
944 2427 1003 2487 seq.
1017 2408 1109 2486 ibique
1120 2428 1172 2486 po·

135 2493 248 2552 redeat:
275 2491 422 2568 „Primum
442 2497 563 2552 aaron
582 2493 630 2553 lo·
678 2496 814 2555 tissimum
826 2495 945 2554 lomard.
958 2495 987 2552 in
1000 2494 1127 2571 descript
1135 2492 1172 2553 de

136 2595 180 2634 uso
200 2581 300 2655 ritapse
317 2579 441 2638 conditas
461 2578 630 2658 sepultusque
678 2577 1170 2658 1¹Eg.v01.11anttqq.p.1652qq·

134 2661 268 2723 domant
282 2666 311 2722 ris
330 2663 492 2740 Ammthca,
514 2663 541 2722 b.
555 2684 580 2724 c.
600 2667 630 2724 in
678 2665 773 2724 Unam
795 2665 967 2744 potissimum
992 2663 1088 2722 laudnt
1113 2664 1172 2722 ico-

134 2767 245 2824 regnum
269 2747 353 2809 Isidis
381 2755 463 2829 atque
500 2748 629 2810 Osiridis:
678 2770 762 2825 uem,
784 2769 901 2828 eamque
922 2748 1017 2809 lineari
1037 2753 1100 2807 arte
1123 2767 1171 2808 er·

134 2832 251 2909 Deinde,
272 2836 427 2896 intereunte
439 2855 556 2916 corpore
570 2836 630 2912 (ni-
678 2855 805 2916 pressam
824 2836 885 2914 ipse
906 2834 1035 2910 subiecit,
1063 2839 1172 2913 protra-

133 2919 279 2978 mimmeo
299 2921 377 2996 quod
394 2921 630 2980 conditnrnluerit
678 2927 751 2982 ctam
773 2920 908 2998 ecryptis
926 2919 1093 2979 Thebarum.
1137 2919 1171 2979 In

134 3005 344 3063 medicamentis
361 3010 390 3063 et
407 3007 461 3063 rite
476 3005 630 3064 involutum
677 3005 729 3066 hac
739 3007 921 3083 conspicimus
933 3004 1082 3076 osiridem,
1097 3023 1172 3062 mor-

134 3089 315 3165 —adeoque
327 3087 629 3166 comoedupsoin-
677 3098 787 3150 tuorum
806 3090 923 3148 iudicem
942 3089 970 3146 in
990 3087 1058 3146 solio
1071 3089 1171 3148 seden-

135 3175 299 3252 qaecineres
312 3171 630 3250 connaso)exccds'tuni-
677 3180 752 3248 tem3
780 3176 806 3235 ei
836 3174 978 3233 admotum
994 3189 1096 3244 reum,
1122 3171 1171 3247 qui

135 3277 183 3316 aaa
196 3262 222 3315 et
235 3261 336 3334 ns'grat
344 3277 392 3336 pcc
402 3257 544 3318 batim
559 3277 631 3320 unae
677 3260 770 3320 indicii
790 3259 831 3318 sni
847 3263 980 3318 tesseram
994 3254 1128 3314 bilancem
1140 3255 1171 3314 in

134 3361 229 3420 genus.
276 3341 346 3400 Turn
365 3347 507 3404 reuertitur
520 3347 551 3403 sis
573 3364 631 3404 coc-
678 3345 793 3405 humero
813 3349 908 3422 gerat3
935 3342 1006 3400 infra
1025 3340 1054 3397 in
1076 3339 1172 3417 gradi-

128 3448 186 3509 pas
198 3446 310 3487 ments
322 3427 442 3490 hominis.
484 3429 573 3510 Atque
586 3431 631 3490 lu'e
678 3431 731 3490 bus
743 3436 849 3490 stantes
868 3445 966 3487 novem
987 3425 1079 3484 iudicii
1091 3425 1171 3503 qnasi

135 3517 267 3573 danatus
299 3516 438 3573 moereas
482 3515 631 3576 absolvitur
679 3534 848 3588 assessorem
876 3531 960 3593 porro
977 3510 1102 3588 cymbam
1119 3513 1170 3572 im-

132 3599 220 3659 tribus
238 3617 366 3659 maasia
378 3600 524 3661 mutas
545 3601 631 3663 Unde
679 3601 771 3682 posito
790 3619 876 3680 porco
894 3597 938 3658 vel
959 3596 1170 3676 hippopotamo,

136 3686 277 3761 sequitur,
285 3683 357 3744 huuc
371 3685 524 3746 doctrinam
537 3691 630 3746 trans·
679 3705 736 3764 quo
752 3685 852 3745 iudicio
864 3683 1016 3744 constituta
1029 3701 1120 3760 poena
1133 3682 1171 3742 si-

136 3769 308 3845 migrationis
336 3771 489 3832 animarum
516 3773 629 3832 minim
678 3771 842 3849 guitioetnr,
869 3770 995 3829 nimirum
1016 3767 1169 3828 maleficum

136 3853 255 3914 solorum
277 3855 453 3916 saumdntnm
470 3857 570 3932 unse,
595 3862 629 3916 ut
676 3855 834 3930 hominem,
855 3855 904 3932 qni
923 3853 1011 3914 semri
1024 3872 1168 3932 percussus

135 3937 277 4000 Hecresdo
295 3940 407 4000 videtur
423 3940 442 3999 l.
461 3941 479 4000 l.
504 3961 534 4020 p.
553 3942 626 4018 193,
677 3939 730 4014 sit,
740 3959 813 4001 nune
825 3958 861 4001 ex
873 3939 991 3999 Osiridis
1005 3937 1105 3998 iudicio
1118 3937 1170 3996 nb-

135 4024 519 4102 neczoegaesentenfiam,
540 4042 625 4102 qnam
674 4022 758 4084 ireiu
777 4021 1016 4084 t'nednmanimnl.
1056 4020 1169 4080 Etenim

136 4109 626 4190 supraprotnlimus,nsqucqnaqne
661 4106 900 4188 hippopotamnm
928 4126 991 4168 esse
1017 4104 1169 4181 symbolum

132 4195 307 4276 probandam
320 4213 390 4256 esse.
416 4192 492 4254 Alias
510 4193 627 4253 ahornm
674 4192 778 4270 ingrati
790 4192 892 4266 ammi,
906 4188 1054 4251 iniustitiae
1065 4188 1169 4248 acvio·

134 4280 291 4342 sententias
304 4279 341 4338 de
358 4278 628 4361 meternpsyehoscos
674 4275 776 4340 leutise
800 4277 887 4336 tradit
906 4271 1057 4352 Horapoll.
1077 4271 1169 4334 hiero-

134 4365 264 4426 doetrind
288 4361 400 4441 collegit
412 4364 498 4426 Beck.
517 4363 547 4423 in
568 4361 627 4424 hn-
675 4361 812 4442 glyphl,
828 4360 879 4428 66.
899 4359 1008 4433 11,37.
1040 4356 1168 4434 Abigitur

133 4449 192 4512 leit.
205 4469 232 4510 a.
247 4447 563 4530 Weltgcsch.1p.769.
676 4453 769 4508 autem
788 4464 853 4507 rccss
873 4447 903 4505 in
922 4442 1040 4503 bestiam
1052 4460 1168 4503 conver·
