2990 5228
260 437 325 502 1122
616 427 1055 492 Excunsusxl

261 604 441 682 cogitandum
461 603 574 681 quidem
597 603 649 676 sit,
675 602 800 678 quamvis
823 617 926 660 nomen
944 598 1034 677 ipsum
1057 596 1201 676 Magneti,
1234 598 1311 676 quod
1330 598 1411 678 apud

261 705 438 766 Herodotum
451 710 558 782 exstat,
584 704 674 786 mqgis
694 701 840 762 oonvmiat
861 701 965 778 oppido
988 703 1017 760 iu
1035 700 1157 782 Aegypti
1183 701 1311 761 confiniis
1341 703 1410 760 sito.

262 807 347 877 Quod
360 806 413 867 boe
429 807 592 868 Herodoteo
614 806 676 864 Iooo
694 806 743 884 qui
755 803 965 881 intelligendum
975 823 1038 864 esse
1056 812 1221 880 semerom,
1246 805 1322 863 baud
1341 806 1408 881 qui·

260 910 325 969 dem
344 910 473 983 dolone,
495 928 589 969 saetae
609 907 762 986 scripturae
774 907 855 981 loeis,
868 907 916 965 ubi
929 903 1062 982 Megiddo
1075 914 1259 981 memoratur,
1275 909 1314 966 ita
1328 926 1410 965 oom-

260 1014 388 1086 mutatis,
408 1017 440 1071 ut
455 1033 516 1072 cum
531 1013 655 1092 ipsorum
668 1011 806 1070 sententia
819 1007 992 1069 conveniant.
1029 1009 1113 1069 Coos.
1133 1011 1335 1071 Rosenmirller.
1350 1010 1370 1068 I.
1387 1009 1408 1068 l.

259 1115 338 1191 11,2
357 1135 424 1196 pag.
438 1119 480 1181 99
501 1133 560 1190 seq.
585 1117 644 1170 not
658 1111 732 1177 204.
787 1109 826 1170 At
842 1131 909 1170 vero
929 1115 1041 1189 praeter
1062 1111 1186 1170 codicum
1211 1114 1406 1172 auetoritaten

124 1219 130 1226 '
259 1220 320 1298 ipsa
332 1217 486 1295 obloquitur
498 1233 560 1290 res,
581 1233 644 1273 eum
657 1215 693 1275 ab
709 1214 783 1273 omui
798 1212 937 1274 verisimili
959 1212 1125 1289 abhorreat,
1149 1215 1291 1276 Iudaicum
1306 1235 1403 1293 regan

260 1340 347 1397 usque
361 1321 397 1378 ed
409 1317 533 1396 Aegypti
561 1316 679 1376 coufinIa
698 1314 806 1372 obviam
825 1313 906 1374 ivisse
925 1313 1129 1394 Aegyptiomm
1151 1319 1224 1395 regi,
1244 1339 1325 1396 quaa
1341 1341 1401 1398 po-

257 1423 312 1482 tius
331 1440 349 1480 a
367 1419 483 1479 transitu
501 1439 552 1497 per
574 1426 675 1478 terram
688 1416 827 1475 Iudaicam
844 1415 935 1495 ipsam
949 1418 1137 1496 prohibiturus
1162 1427 1219 1480 erat
1235 1422 1263 1479 ln
1274 1419 1390 1498 saraph,

256 1544 308 1604 per
324 1543 395 1601 quos
417 1524 511 1582 adltus
535 1525 645 1600 pateret
666 1519 704 1578 ad
725 1518 875 1594 Assyriam.
925 1521 1007 1590 Quae
1023 1541 1084 1581 mm
1104 1523 1145 1582 ita
1164 1524 1237 1598 sint,
1255 1523 1391 1602 proellum,

257 1627 294 1686 de
315 1645 372 1703 quo
391 1627 499 1704 agitur,
522 1623 552 1680 in
563 1623 669 1700 eampis
681 1641 770 1701 prope
782 1619 915 1698 Megidclo
931 1624 1105 1692 commissum
1125 1645 1189 1685 esse
1206 1628 1253 1686 vix
1274 1627 1403 1696 dubium

257 1747 342 1808 qnam
358 1731 454 1788 urbem
469 1723 634 1803 (Megiddo)
653 1724 820 1782 indicaturus
834 1724 996 1785 Herodotus
1014 1725 1089 1784 baud
1106 1727 1163 1784 scio
1185 1746 1223 1786 an
1245 1730 1407 1788 oonfudisse

258 1834 411 1894 oenseudus
431 1832 467 1891 sit
485 1848 546 1890 eum
563 1827 652 1887 altera
669 1825 717 1886 illo
737 1827 806 1886 urbe
829 1824 954 1902 (Migdol
974 1847 997 1886 s.
1014 1825 1177 1905 Magdola),
1205 1849 1280 1907 quae
1301 1832 1330 1888 in
1347 1830 1406 1890 Ae-

257 1935 337 2014 gypti
351 1934 475 1995 oonliuiis
499 1932 567 2006 sita,
589 1930 642 2010 ipsi
661 1930 757 1990 melius
777 1949 844 1990 saue
862 1929 1036 2006 innotuerat,
1063 1951 1142 1990 oram
1159 1934 1322 1992 marilianum
1338 1951 1401 1990 eam

257 2035 331 2094 beue
354 2034 574 2113 perlustrasset,
608 2032 646 2091 ad
666 2032 812 2091 interiores
836 2037 928 2091 autem
958 2031 1135 2094 Palaestinae
1160 2039 1267 2092 bactrus
1290 2035 1403 2093 minim

255 2143 418 2217 penetrasse
431 2137 576 2210 rideatur,
596 2153 648 2194 neo
662 2135 775 2192 omuino
790 2134 871 2194 ubam
883 2135 1080 2195 annuntior·
1098 2135 1178 2195 buius
1201 2143 1293 2197 terrae
1307 2138 1405 2214 sogni-

181 2300 184 2313 ,
254 2239 360 2299 tionem
378 2239 564 2316 acquisivisse.
606 2235 656 2297 Tu
680 2237 752 2296 conl.
775 2234 904 2295 Larcbea
925 2242 994 2296 tom.
1014 2237 1068 2296 Vll
1087 2258 1154 2317 pag.
1172 2237 1232 2302 114
1244 2259 1306 2317 seq.
1336 2239 1405 2298 VIII

254 2360 283 2419 p·
298 2343 358 2406 311
377 2360 436 2416 seq.
441 2383 451 2413 ,
473 2343 520 2419 qui
535 2341 610 2400 idem
624 2339 796 2416 Herodotum
814 2343 961 2416 utromque
972 2340 1069 2400 urbem
1083 2341 1239 2401 oonludisse
1251 2341 1357 2401 statut.

721 2515 927 2526 ———

338 2643 452 2725 Cotytia
471 2647 537 2706 urbs
553 2646 625 2706 inl'ra
640 2665 751 2724 quoque
763 2651 990 2707 oommemorator
1007 2645 1063 2720 III,
1083 2645 1103 2712 5
1125 2653 1153 2707 et
1168 2647 1302 2708 Sardibus
1320 2647 1395 2706 baud

250 2747 339 2832 paullo
359 2748 473 2810 inferior
491 2749 675 2828 praedicatur.
726 2748 784 2817 Qui
803 2748 880 2808 loeus
903 2754 1075 2827 quantopere
1091 2747 1162 2804 viros
1191 2749 1288 2806 doctos
1310 2767 1393 2808 exer·

252 2851 357 2925 cuerit,
386 2851 440 2908 diei
462 2850 507 2907 vix
528 2854 632 2930 potest
685 2846 741 2907 Alii
763 2851 838 2909 enim
863 2851 980 2910 indicari
1001 2847 1132 2928 putabant
1154 2847 1317 2923 Calauium,
1342 2848 1394 2908 alii

252 2950 360 3026 naso,
386 2952 515 3027 engoum
531 2951 559 3008 in
578 2947 706 3010 Galilaea
725 2953 875 3031 oppidum,
908 2955 955 3012 alii
974 2951 1047 3012 Gallu
1069 2951 1162 3028 (quae
1183 2953 1251 3010 urbs
1269 2959 1398 3032 tempore

252 3053 405 3134 prophetae
419 3052 507 3113 Amos
523 3054 578 3112 iam
590 3055 702 3113 deserta
714 3055 801 3114 fluisse
814 3057 940 3131 videtur,
962 3074 1014 3114 nea
1027 3053 1142 3112 omnino
1160 3073 1282 3131 unquam
1295 3071 1398 3131 magna

251 3159 304 3217 suit
325 3163 354 3217 et
372 3157 517 3233 celebris),
539 3156 584 3214 alii
598 3157 718 3231 (iusum,
741 3157 945 3217 Philistinorum
958 3155 1054 3215 urbem
1070 3175 1162 3236 prope
1177 3175 1254 3216 mare
1274 3157 1357 3216 atam
1370 3161 1399 3216 et

188 3331 190 3338 Ι
254 3260 321 3318 satis
340 3259 476 3333 nobilem,
498 3257 543 3317 alii
561 3259 683 3336 (lenique
704 3259 906 3338 Biandyna,
927 3260 1023 3318 urbem
1042 3277 1111 3318 sane
1131 3259 1281 3330 maximam
1299 3259 1330 3318 iu
1349 3259 1402 3319 illis

251 3361 429 3437 regionibus,
463 3379 546 3438 quam
565 3380 633 3440 prae
661 3365 776 3422 eaeteris
802 3363 846 3423 nie
871 3361 1076 3422 oommemorari
1098 3379 1152 3440 par
1177 3368 1240 3421 erat
1261 3381 1400 3440 quamque

251 3463 288 3522 ab
304 3460 502 3541 Aegyptiorum
522 3483 590 3540 rege
610 3469 720 3543 captam
740 3467 825 3526 luisse
848 3467 975 3525 universa
1002 3481 1103 3524 sacrae
1123 3463 1279 3542 sulpturae
1300 3481 1394 3522 narra-

251 3565 293 3622 tio
314 3581 432 3640 arguere
450 3565 580 3640 videtur,
608 3564 671 3626 licet
695 3585 827 3644 expressa
846 3569 921 3627 urbis
947 3573 976 3628 et
993 3565 1125 3626 obsessae
1146 3571 1177 3623 et
1196 3571 1296 3642 oaptae
1316 3563 1398 3622 nulla

250 3665 301 3723 liat
319 3667 434 3723 mentio.
476 3662 580 3742 Neque
601 3667 760 3732 innomine
781 3668 967 3746 haerendum,
993 3687 1055 3728 coru
1077 3659 1209 3738 Kibotos
1227 3665 1296 3723 nibil
1318 3666 1400 3725 aliosl

249 3785 312 3826 esse
331 3766 457 3825 videabsr
475 3771 561 3844 atque
584 3776 744 3848 eonuptum
767 3772 842 3831 urbis
864 3792 967 3833 nornen
987 3776 1086 3854 aptas-*g
1107 3769 1145 3843 (a
1159 3770 1259 3852 ullap)
1281 3770 1312 3827 id
1333 3773 1397 3829 est:

248 3869 311 3927 urbs
332 3873 443 3944 masto,
470 3888 526 3946 quo
545 3871 648 3930 eodem
664 3872 778 3932 nomine
797 3873 853 3948 (EI
864 3873 953 3950 Kods)
974 3873 1065 3932 adbuc
1083 3872 1120 3929 ab
1140 3869 1276 3929 Arabibus
1293 3871 1396 3930 urbem

249 3969 382 4050 appellari
404 3972 565 4051 aooepimus.
607 3970 705 4050 ltaque
721 3973 754 4033 iis
775 3977 839 4035 viris
861 3977 951 4036 doctis
968 3973 1190 4054 adstipulaadum
1206 3991 1326 4046 censeo,
1346 3972 1395 4048 qui

247 4073 442 4150 Hierosolyma
462 4079 581 4152 utroque
597 4073 659 4134 looo
689 4075 1020 4155 (11,169et111‚5)
1049 4078 1085 4138 ab
1105 4075 1256 4136 Herodoto
1280 4074 1392 4134 indicari

246 4180 382 4234 statum
423 4175 488 4235 vid.
505 4177 654 4238 Heracli
670 4179 687 4238 I.
702 4199 768 4260 pag.
783 4180 855 4245 487.
876 4181 1077 4241 Roseumisller.
1094 4180 1114 4238 l.
1124 4180 1143 4238 I.
1156 4179 1202 4253 II,
1219 4183 1327 4259 2'pag-
1338 4181 1387 4243 99·

248 4279 311 4344 20³
328 4298 386 4355 seq.
420 4275 542 4339 Heeren.
563 4281 649 4342 Ideen
670 4284 735 4357 1‚2
756 4303 823 4364 pag-
841 4283 909 4348 114.
942 4284 984 4357 II,
1000 4289 1101 4364 21³³&
1116 4281 1189 4348 402
1223 4279 1387 4339 Dflfflfflffl·

247 4379 353 4438 Herod·
367 4398 432 4459 pag·
448 4382 499 4447 75.
521 4382 684 4447 Valckenar.
702 4388 730 4446 iu
741 4387 871 4467 peculiari
884 4387 1050 4466 scriptione,
1073 4403 1147 4463 quae
1165 4385 1270 4444 inserta
1289 4381 1387 4458 legitur
