3012 5182
411 444 814 508 numanam
1028 443 1125 511 '188‘

0 693 2 702 ,
134 615 195 687 καὶ
214 617 258 702 δη
278 611 335 681 sol
356 608 408 680 ὅτι
428 611 545 698 &aione
571 606 770 698 Ἀφροδίτης
795 607 986 699 lampa„
1006 609 1091 680 gau.

135 735 201 806 ὅσα
219 733 286 822 yolo
305 729 388 800 ἄλλα
406 726 605 831 Ἀφροᾷἰτης
625 729 681 819 ἱρά
698 731 782 813 ἐστι,
804 730 961 817 οὐδαμῶς
974 732 1094 818 &alvus

0 795 119 938 ¹113
138 855 347 928 {maulim
379 849 517 938 Ἔλεγον
537 849 573 920 δέ
592 877 651 939 μοι
675 853 710 922 ol
739 849 823 937 ἱρέες
851 849 1033 935 ἱστορέοντι
1053 853 1094 921 roi
1135 839 1343 936 ssffglfffifflg

1135 948 1243 999 gyptumr
1257 942 1346 987 lieren*

2 1202 6 1211 ·
142 1128 194 1192 uel
211 1123 256 1192 'les
276 1125 384 1209 Ξείνης
411 1123 591 1210 Ἀφροδίτης
641 1153 670 1213 p.
685 1130 748 1197 342
764 1151 843 1210 seqq.
872 1129 928 1204 lll,
943 1135 985 1197 38
999 1153 1059 1212 seq.
1088 1133 1137 1209 lv,

99 1206 272 1295 ἔπωνύμιὸν
293 1215 374 1296 ἐστι]
397 1215 535 1295 suppleas
555 1212 590 1279 rei
644 1218 705 1283 150
725 1237 804 1294 seqq·
837 1217 907 1282 153.
951 1219 1045 1287 Quum
1068 1240 1137 1297 ergo

99 1295 175 1384 ἱρόν.
216 1296 390 1381 ἐπωνύμιον
417 1302 513 1379 reliqui
526 1323 593 1380 pro·
641 1302 726 1362 Luna
746 1302 905 1377 donasset,
932 1303 1007 1362 haud
1028 1305 1137 1378 mirum,

98 1393 223 1449 batorum
236 1388 592 1447 coddauetoritatefirma·
643 1396 752 1467 epatre
774 1386 907 1446 historiae
927 1407 988 1448 eam
1009 1391 1136 1469 componi

94 1483 163 1534 tum.
190 1471 244 1532 Est
257 1473 331 1532 enim
350 1473 425 1533 idem
439 1474 499 1533 lere
512 1475 591 1550 quod
642 1494 704 1533 eum
719 1473 845 1547 Venere,
861 1474 967 1552 etipsa
981 1477 1035 1534 dea
1049 1475 1137 1535 lunari

92 1555 457 1638 durivonov,quodipsom
472 1559 591 1635 hicqui-
641 1561 670 1618 in
690 1558 856 1618 Phoenicum
869 1558 1055 1635 religionibus.

94 1649 163 1706 dam
183 1643 320 1721 praebent
343 1644 425 1718 libri,
452 1645 591 1724 probante
791 1685 839 1744 ca
897 1685 989 1745 CXIII

94 1727 248 1790 Larobero.
311 1727 482 1788 Str-naturam
513 1730 591 1788 vocis
846 1705 874 1764 p'
990 1729 998 1746 ⁹

97 1834 162 1876 eum
195 1814 317 1888 gnitivo
343 1813 508 1874 illustranmt
537 1815 591 1874 viri
686 1811 788 1894 ἔλεγον
808 1807 842 1874 δέ
862 1833 914 1892 μοι
928 1810 961 1874 oi
981 1807 1097 1893 loires.
1112 1835 1138 1874 τι

96 1898 174 1960 docti
202 1915 221 1957 a
253 1896 433 1975 Wesselingio
466 1900 592 1964 laudati:
643 1897 689 1979 l.]
724 1898 869 1958 Pertinent
900 1897 954 1956 hue
978 1915 1034 1971 ea,
1065 1917 1138 1976 quae

92 1982 213 2045 Staniei.
228 1983 267 2042 ad
282 1979 408 2058 Aeschyl
421 2005 442 2043 s.
458 2005 481 2044 a
497 1986 591 2045 Theb.
642 1983 833 2056 Stesichorus,
855 1983 1060 2060 antiquissimus
1069 1987 1138 2063 poie-

94 2073 157 2137 188
174 2073 205 2129 et
219 2066 415 2128 Hemsterhus.
429 2071 465 2128 ad
475 2069 593 2129 Lueiani
642 2076 690 2144 ta,
712 2068 863 2141 cecinerat3
879 2070 928 2147 qui
942 2067 1078 2129 Helenam
1094 2071 1138 2128 di-

90 2156 169 2216 diall.
189 2161 287 2214 morit.
313 2152 372 2226 IX,
402 2156 429 2216 1.
469 2153 541 2214 liiue
560 2161 592 2213 tu
642 2160 722 2216 xerat
741 2154 836 2213 Paridi
854 2154 892 2213 ad
909 2153 1067 2233 Aegyptum
1089 2157 1141 2216 de·

1 2254 2 2263 ¹
91 2249 185 2303 verte:
226 2246 314 2314 „tum
335 2257 398 2296 nero
423 2239 503 2296 etiam
524 2237 592 2317 quod
642 2241 700 2299 lato
713 2245 822 2319 raptam
836 2239 1140 2318 firisseaProteo,qui

1 2314 3 2406 i
91 2325 253 2405 (templana)
277 2326 493 2400 cognominatum
518 2330 554 2382 est
574 2343 594 2384 o
643 2327 713 2386 illius
734 2323 909 2402 loeoParidi
927 2325 1036 2386 dederit
1054 2325 1140 2386 Hele·

98 2413 197 2471 Venere
208 2410 380 2488 peregrino.“
391 2409 424 2466 Si
435 2427 501 2468 vero
509 2428 594 2486 qnae·
643 2430 698 2470 nae
716 2411 880 2488 imaginem,
901 2411 1017 2486 quaeum
1037 2412 1090 2470 iste
1110 2411 1140 2472 in

97 2517 160 2570 ras,
190 2496 259 2574 quid
279 2493 394 2552 moverit
411 2493 596 2568 Herodotum,
644 2497 673 2556 T
675 2499 761 2555 roiam
783 2495 950 2555 discesserit.
993 2497 1055 2555 Vid.
1076 2496 1141 2556 Sie-

95 2589 129 2640 ut
142 2581 281 2640 Venerem
300 2574 476 2660 peregrinam
492 2579 596 2639 hanooe
645 2583 745 2642 siebori
756 2582 882 2658 fragmrn.
903 2601 930 2660 p.
943 2585 987 2646 92
1004 2583 1048 2641 ed.
1060 2581 1142 2640 Klei-

93 2687 126 2727 re
147 2685 214 2725 vera
231 2665 369 2725 Helenam
392 2683 453 2725 esse
471 2666 597 2745 suspica·
645 2687 691 2727 ne.
731 2665 833 2743 Neque
854 2665 906 2725 hue
934 2685 991 2724 nou
1011 2666 1075 2725 lacit
1094 2685 1142 2725 ar-

93 2758 186 2826 retur,
207 2749 336 2826 Tyndari
362 2749 467 2824 liliam,
495 2751 526 2810 id
552 2757 596 2812 te·
647 2759 807 2830 gumentum
830 2751 998 2830 Euripideae
1020 2749 1141 2826 tabidae,

93 2838 231 2896 nendum:
266 2835 344 2915 apud
371 2835 498 2898 Graecos
525 2855 598 2914 quo·
647 2836 821 2915 quaeadhue
835 2835 959 2897 Helenae
980 2836 1032 2896 sub
1049 2837 1141 2896 nomi-

94 2941 153 3000 que
180 2921 289 2980 divinos
309 2921 430 2980 honores
453 2923 597 3000 aoeepisse
647 2941 684 2981 ne
699 2927 806 2995 exstat3
821 2922 857 2981 de
871 2941 926 3000 quo
936 2921 1142 3000 disputathlat·

92 3006 237 3067 Helenam
250 3005 326 3063 haud
336 3005 418 3066 aliter
430 3012 515 3082 atque
526 3005 598 3064 Pro·
648 3005 723 3066 thiae
744 3007 775 3065 in
794 3013 950 3066 commenti.
965 3006 1000 3064 ad
1014 3005 1140 3085 Euripid.

92 3099 176 3151 teum
187 3089 411 3168 Menelaumque
434 3089 540 3148 Habita
553 3096 597 3150 est
646 3097 713 3151 tom.
726 3091 792 3150 Vlll
806 3091 904 3170 p.258
912 3110 970 3167 seq.
986 3089 1085 3148 Exstat
1098 3093 1142 3149 in·

94 3177 177 3238 enim
192 3173 275 3232 Lauro
288 3173 370 3233 adea
384 3173 597 3248 tenerieutvel
647 3179 735 3254 signis
749 3177 820 3236 hanc
840 3175 868 3234 in
888 3173 1080 3236 rernl’latonis
1099 3175 1143 3232 lo-

92 3277 207 3321 nomen
218 3259 330 3333 indieat,
343 3259 597 3340 qnodsplerdsiioor,
646 3282 694 3322 cus
707 3263 737 3321 in
750 3261 827 3343 polit
842 3259 897 3335 lX,
913 3262 953 3325 10
971 3280 1001 3339 p.
1017 3259 1088 3335 586,
1106 3261 1141 3334 C,

92 3347 232 3406 lucentem
252 3343 327 3402 baud
347 3344 444 3404 iniuria
460 3346 598 3424 interpre-
645 3348 694 3406 ubi
707 3348 787 3426 plura
805 3346 897 3406 eitavit
913 3345 1006 3403 Aetius
1021 3345 1050 3402 in
1068 3363 1144 3403 eorn-

91 3436 204 3491 tantur.
248 3428 301 3487 Est
310 3427 435 3504 Helena,
454 3437 486 3488 ut
501 3431 596 3510 paucis
646 3437 744 3494 mentt.
771 3451 836 3511 pag.
866 3428 938 3496 604.
993 3429 1142 3509 Euripides

95 3517 207 3588 diuam,
229 3513 326 3573 Venus
339 3513 378 3572 ad
394 3513 533 3590 vulgarem
545 3518 597 3577 he-
646 3536 713 3577 vero
727 3523 817 3576 utrum
838 3535 872 3576 ex
889 3514 1026 3576 Herodoti
1046 3535 1142 3574 narra-

95 3620 180 3659 roum
201 3598 324 3658 fabulam
347 3599 495 3675 tradam,
523 3621 596 3679 quae
647 3604 723 3662 b'one
755 3604 896 3682 profectus
927 3600 1011 3660 sitin
1032 3599 1142 3661 fabulae

99 3685 163 3762 ipsa
177 3685 252 3744 hand
264 3685 321 3744 seio
335 3703 373 3744 an
386 3693 521 3762 congruat
534 3707 596 3748 cum
647 3693 813 3765 argumento
824 3687 1012 3755 contexendo,
1035 3703 1071 3744 an
1088 3705 1142 3765 po-

100 3769 227 3844 meme,
246 3789 330 3847 quam
346 3768 400 3829 hoe
419 3770 480 3830 loco
496 3772 596 3832 intelli-
648 3775 703 3832 tius
714 3772 876 3832 Herodotus
892 3769 1142 3848 (quaevuckena-

98 3855 224 3932 gendam
240 3873 302 3915 esse
317 3855 358 3913 vir
370 3856 467 3915 doetus
482 3857 599 3934 quidam
648 3858 681 3915 rii
697 3863 741 3917 est
762 3856 898 3916 sententia
918 3856 956 3914 ad
975 3856 1083 3916 Herod.
1105 3855 1142 3933 ll,

97 3941 218 3998 censuit
259 3939 334 3999 Nolo
357 3958 430 3999 nuno
446 3940 501 4000 alia
514 3944 598 4001 altin-
651 3942 727 4017 116)
746 3941 908 4020 Euripidem
929 3940 1043 4017 legerit,
1064 3943 1144 4018 equi-

94 4043 188 4104 gere,
206 4043 278 4102 qnae
291 4023 444 4102 longiorem
457 4027 598 4107 discepta-
648 4025 713 4085 dem
731 4026 847 4086 delinire
875 4024 968 4086 nolim.
1011 4023 1143 4104 Namque

91 4111 207 4171 tionem
222 4109 375 4189 pmhrlant,
397 4109 456 4170 eius
467 4111 539 4170 deae
554 4111 598 4169 di·
647 4128 666 4170 a
686 4108 843 4170 stesichoro
864 4109 984 4170 fabulam
1001 4110 1142 4170 inventam

89 4215 134 4256 co
149 4195 369 4254 coniunctionem
383 4215 445 4256 eum
460 4194 598 4272 Palaeois,
648 4214 711 4256 esse
724 4194 770 4254 elii
786 4195 965 4256 contendunt
983 4196 1064 4265 Quae
1079 4197 1141 4273 qui-

89 4279 238 4353 Canobo,
259 4277 314 4338 alia
331 4281 368 4338 id
391 4299 497 4358 genus3
524 4298 620 4358 quaeN
648 4281 713 4341 dem
727 4299 789 4353 res,
804 4281 894 4356 magis
907 4285 999 4339 tamen
1013 4281 1090 4356 quod
1104 4281 1141 4340 sd

87 4363 149 4444 qui
170 4364 324 4423 aoeuratius
343 4383 458 4426 noscere
478 4367 599 4439 studeat,
647 4367 745 4446 poetas
757 4364 817 4422 illos
833 4368 953 4442 speetu,
970 4382 1053 4440 quam
1066 4366 1142 4442 quod

85 4447 229 4534 perlegat
263 4449 396 4510 Creuaeri
426 4449 600 4530 Symbolll
648 4451 687 4511 ad
700 4449 876 4510 Herodotum
894 4449 1031 4528 pertinet,
1051 4468 1142 4530 nuper
