3008 5172
452 375 847 444 sustinead.
1055 375 1122 440 m

140 548 441 637 εχειριεριωτσίτουρ
469 552 577 637 μῆνας
605 543 761 629 τέσσερας
780 541 885 612 ἐσθίει
906 535 1019 611 oddlv.
1061 537 1163 608 buoso

164 669 201 740 dl
220 669 427 759 τετράπουν,
456 675 612 758 χερσαῖον
637 664 694 735 καί
719 669 875 754 λιμναῖον
895 660 978 732 ἔστί·
1020 661 1121 730 τίκτει

115 854 332 868 *-

111 986 191 1047 liter.
204 986 294 1046 fascic.
307 985 334 1046 ll
356 985 427 1064 (len.
444 986 542 1062 1801)
557 985 616 1045 init.
710 977 783 1056 rode
802 971 1048 1063 χειμεριωτάτους
1065 981 1163 1060 μῆνας

114 1073 241 1134 Primum
256 1071 346 1132 locum
359 1073 467 1132 obtinet
479 1070 619 1132 Aristote-
667 1065 807 1150 τέσσερας
823 1067 920 1130 ἐσθίει
934 1059 1043 1146 oddtv]
1058 1066 1163 1126 Plinius

121 1159 182 1233 les,
202 1165 290 1218 totum
312 1161 371 1218 lere
389 1158 531 1218 Herodoti
548 1177 618 1216 nar·
669 1156 732 1216 hist
750 1161 808 1214 nat.
821 1153 904 1228 Vlll‚
922 1153 963 1219 25
985 1171 1163 1233 permenses

122 1245 257 1304 rationem
281 1251 424 1324 repetens,
444 1243 507 1302 hiso
524 1263 568 1303 on.
581 1243 617 1319 ll,
667 1241 798 1302 bibemos
833 1237 987 1299 crocodilos
1015 1240 1045 1297 iu
1076 1238 1163 1297 nutris

126 1335 176 1395 10.
197 1329 232 1406 V,
251 1332 294 1396 33
316 1329 375 1390 coll.
397 1329 480 1403 Vlll,
502 1329 540 1395 15
563 1336 616 1389 etc.
667 1326 754 1387 latere
778 1328 852 1386 dicit.
895 1324 981 1394 Quod
1001 1324 1163 1384 Herodotus

125 1415 251 1484 Quocum
278 1417 354 1493 iung.
376 1415 495 1474 Diodor.
519 1414 548 1490 l,
566 1415 618 1481 35.
669 1414 779 1488 scribit,
802 1411 968 1472 crocodilum
982 1429 1033 1488 per
1046 1416 1165 1487 quotuor

122 1499 261 1560 Amnum.
293 1499 415 1561 Marcell.
452 1501 549 1576 XXll,
579 1499 619 1566 15
669 1519 779 1560 menses
793 1499 924 1559 hibernos
938 1495 1165 1569 nihiledere,mi-

122 1583 154 1665 §-
173 1585 214 1650 15
229 1605 308 1662 seqq.
332 1587 415 1660 alios,
435 1589 482 1665 qui
503 1587 546 1647 vel
559 1587 620 1647 He-
669 1605 729 1645 rum
759 1586 855 1662 utique
882 1581 1036 1656 videbitur,
1065 1600 1164 1658 quarn·

122 1673 257 1730 rodotum
278 1669 320 1730 vel
339 1671 515 1733 Aristotelem
536 1672 620 1753 plane
670 1691 754 1749 quom
766 1672 859 1750 ipsum
867 1689 918 1748 per
932 1689 962 1728 se
973 1686 1031 1726 non
1046 1665 1165 1726 alienum

123 1763 290 1834 sequuntur.
332 1757 406 1818 luter
425 1779 489 1833 eos,
514 1760 562 1836 qui
576 1778 621 1818 re-
672 1763 717 1816 est
733 1755 899 1834 ereptilium
913 1759 1023 1813 nutum.
1053 1752 1094 1812 Ac
1107 1756 1165 1811 for-

122 1842 242 1902 centiori
262 1849 353 1903 aetate
374 1844 402 1902 in
418 1843 487 1904 boec
506 1844 622 1921 inquisi-
673 1861 723 1900 son
735 1841 888 1902 crocodilos
901 1841 930 1899 in
947 1838 1032 1900 Ddtn
1043 1840 1166 1918 respexit

120 1933 241 2003 verunt,
250 1929 373 2006 inprimis
385 1930 491 1989 consuli
499 1929 620 1988 debent:
672 1933 785 2002 auctor,
799 1929 861 2004 qui,
875 1926 952 1987 ooelo
963 1932 992 1986 et
1006 1928 1072 1986 abre
1085 1925 1165 2003 trigi-

122 2015 227 2073 Cumus
246 2015 283 2072 ad
300 2013 417 2074 Aristot
439 2013 622 2074 bistanimul.
673 2014 752 2073 diore
772 2015 888 2072 forsitan
908 2013 1007 2092 sopiti,
1029 2011 1164 2073 alimentis
1252 2071 1258 2084 ,

120 2102 279 2160 versionem
301 2100 452 2173 Gallicam,
479 2106 555 2160 tomo
578 2122 623 2162 se-
673 2101 763 2160 miuus
775 2099 954 2176 indigebunt3
968 2097 1051 2176 quule
1062 2101 1098 2158 de
1110 2099 1165 2158 ulio

122 2188 232 2258 cundo;
253 2186 439 2246 Schneiderus
454 2187 492 2243 ud
507 2185 621 2247 Aristot.
673 2205 776 2264 genere
797 2181 996 2244 crocodilorum
1018 2183 1165 2246 indmeri·

121 2271 190 2330 hist.
207 2290 252 2331 an.
267 2271 310 2345 V,
324 2277 364 2337 27
386 2269 453 2330 th
469 2291 535 2350 pag.
547 2271 619 2338 416.
670 2292 720 2332 coe
734 2271 892 2350 regionibus
905 2271 1095 2348 frigidioribus
1106 2289 1165 2350 ‘pe-

123 2357 209 2429 416,
227 2363 255 2414 et
277 2356 306 2414 in
326 2355 392 2414 libro
405 2356 520 2414 laudato
534 2357 622 2416 histo-
670 2359 856 2434 regrinatores
872 2358 966 2416 testati
981 2363 1052 2415 sunt
1081 2356 1165 2416 Nunc

122 2443 185 2502 riae
217 2441 440 2520 amphibiorum
467 2442 620 2518 Geoffruy:
670 2444 798 2521 quidem,
821 2444 868 2502 ubi
881 2444 1019 2502 mrissime
1038 2443 1067 2500 iu
1084 2442 1166 2503 Delta

123 2571 146 2603 ,‚
157 2527 352 2587 observatione
363 2546 410 2586 sur
422 2527 460 2587 les
473 2527 620 2588 hubitudes
670 2530 795 2589 invenies
820 2529 989 2602 crocodilos,
1016 2528 1063 2606 qui
1081 2549 1165 2608 supe-

125 2614 276 2674 attribudes
315 2632 367 2691 por
395 2613 540 2675 Herodote
567 2633 621 2673 nux
670 2615 788 2674 rioribus
807 2619 914 2674 tantum
935 2614 1002 2674 locis
1023 2615 1166 2693 reperiun-

2 2731 3 2756 ;
125 2699 275 2758 crocodiles
295 2700 335 2758 du
356 2698 440 2775 Nil,“
467 2701 496 2758 in
516 2699 619 2760 anocll.
670 2706 731 2774 tur,
758 2720 815 2759 uon
835 2701 950 2775 mirum,
981 2699 1082 2760 multos
1106 2721 1167 2761 cro-

3 2809 7 2846 l
125 2784 167 2842 du
196 2787 288 2844 musdc
314 2784 406 2844 d’hisr.
434 2793 491 2844 not.
517 2785 619 2860 (Puris.
671 2785 776 2844 codilos
792 2786 835 2845 rel
849 2787 985 2862 gregatim
1002 2787 1166 2866 conspiciiu

3 2887 9 2930 l·
126 2871 226 2942 1807)
248 2879 268 2928 t.
283 2869 324 2927 tx
347 2889 374 2948 p.
390 2873 454 2934 373
474 2891 569 2948 seqq.;
592 2876 621 2932 et
670 2871 728 2931 Nili
741 2890 826 2930 arena
840 2873 961 2931 iacentes
977 2892 1027 2952 per
1038 2873 1167 2946 hiemem,

4 2983 9 3020 ς
122 2955 236 3014 Curier.
247 2974 316 3028 „sur
324 2954 363 3012 les
371 2956 531 3017 diffe'rentes
540 2959 622 3035 espe-
672 2957 747 3035 quod
755 2957 1006 3016 testaturldiuutoli
1015 2955 1032 3014 l.
1040 2957 1057 3016 l.
1067 2979 1094 3036 p.
1105 2960 1166 3024 156

5 3071 12 3104 3·
123 3059 172 3100 ees
190 3041 228 3098 dc
243 3038 395 3097 crocodils“
416 3042 506 3117 (ibid.
522 3042 622 3121 Xp.8
674 3063 732 3120 seq.
745 3042 807 3101 coll.
819 3042 955 3119 Gdoffroy
967 3061 1031 3122 pag.
1040 3043 1113 3110 376.
1128 3043 1168 3106 Et

6 3157 13 3191 ,ε
123 3125 242 3201 seqq.);
274 3123 578 3204 MiuutoliNuchtriige
595 3147 622 3187 z.
673 3135 768 3188 nostru
782 3147 894 3206 quoque
906 3135 998 3191 seluto
1010 3129 1098 3188 virum
1115 3131 1168 3190 do·

7 3237 17 3272 ,ε
121 3211 214 3270 Reise
229 3229 292 3268 zurn
308 3207 337 3266 Τ
338 3210 427 3288 empel
441 3221 492 3272 etc.
512 3235 541 3293 p.
560 3213 623 3280 154
672 3222 747 3274 ctum
766 3213 958 3288 contendisse,
977 3214 1070 3293 plures
1089 3235 1168 3275 men·

126 3315 207 3372 seqq.
251 3293 403 3353 Praeterea
426 3299 542 3358 maximo
560 3320 622 3359 cunr
675 3319 719 3359 ses
748 3299 913 3359 crocodilum
942 3299 1002 3361 sine
1031 3301 1168 3362 alimentis

8 3411 19 3450 ρ
125 3379 244 3440 utilitate
258 3379 406 3438 adhibebis
414 3381 576 3460 pecudiurern
584 3387 623 3446 de
673 3385 764 3445 vivere
777 3405 878 3465 posse,
900 3385 1026 3462 intelligo
1046 3407 1080 3446 ex
1100 3387 1169 3448 Tie-

9 3490 16 3534 ,ι
125 3465 272 3524 crocodilis
284 3464 426 3539 libellum,
448 3469 495 3544 qui
509 3469 621 3529 hocno-
674 3471 804 3530 demunni
827 3472 898 3531 libro
915 3471 933 3532 l.
957 3491 1022 3550 pag.
1037 3475 1096 3546 36,
1121 3475 1168 3533 ubi

12 3565 15 3571 ·
124 3551 623 3628 mineeditusest:Naturgeschichte
674 3555 749 3615 uliud
763 3557 915 3636 exemplum
928 3558 1057 3618 laudetur
1071 3579 1169 3621 moco-

125 3636 180 3695 der
198 3635 365 3716 Amphibien
383 3656 440 3696 von
453 3638 500 3697 Fr.
517 3639 623 3702 'liede-
674 3641 738 3716 dili,
760 3643 807 3719 qui
825 3663 878 3722 per
896 3645 1091 3720 septemdecim
1106 3646 1167 3706 dies

124 3721 624 3800 moun,l10ppelundl.l.ibo-
674 3728 734 3787 siue
771 3727 826 3787 ullo
860 3729 1027 3789 nutrimento
1060 3732 1166 3792 vixerit.

17 3823 23 3831 “
127 3806 224 3866 schitz.
248 3808 404 3874 1stesHest
425 3809 621 3890 (Heidelberg.
672 3813 737 3873 Vid.
758 3812 826 3872 ibid.
847 3833 912 3893 pag·
928 3817 979 3880 69.

13 3947 16 3968 .
128 3893 236 3968 1817).
279 3893 331 3952 Est
353 3911 437 3968 vcro,
462 3902 494 3955 ut
511 3917 546 3957 ex
567 3899 622 3958 lroc
714 3898 805 3960 τίκτει
824 3894 880 3978 μὲν
908 3897 966 3982 peip
991 3891 1038 3962 os'ol
1061 3897 1095 3962 lv
1115 3904 1168 3988 γῇ,

13 4005 30 4018 ··
126 3977 198 4035 libro
218 3979 323 4055 optime
344 3979 521 4057 intelligitur,
544 3985 622 4063 apud
672 3980 725 4044 stol
746 3981 880 4064 ἐκλέπει]
902 3983 1018 4048 ίκίίετει
1036 3985 1055 4045 ἱ.
1071 4005 1096 4046 e.
1119 4005 1169 4046 στ-

22 4133 26 4140 .
124 4061 301 4124 Herodotum
314 4064 493 4141 cogiundum
513 4067 550 4128 de
564 4087 622 4126 cro.
673 4067 758 4126 eludit
773 4089 833 4129 ooo.
876 4071 908 4129 lu
927 4091 958 4130 re
980 4073 1044 4150 ipsu
1065 4090 1167 4132 eonve-

124 4145 214 4206 codr'lo
229 4149 340 4226 uulgum
361 4171 384 4208 s.
401 4148 538 4227 Nilotico,
565 4171 622 4231 quo
672 4155 752 4213 niuut
768 4160 883 4216 nostroe
901 4157 1000 4214 uelutis
1017 4156 1068 4215 riri
1090 4157 1167 4218 docti

15 4267 25 4286 „
124 4233 239 4294 nomine
257 4235 294 4293 sb
320 4233 380 4295 aliis
403 4235 519 4296 eliorum
535 4245 624 4298 terre-
674 4245 759 4316 utque
795 4240 1028 4317 peregrinatores.
1092 4243 1169 4304 Vide

20 4361 27 4384 2
123 4337 185 4378 rum
205 4319 352 4382 crocodilis
379 4319 463 4402 vulgo
490 4322 624 4403 distingui
675 4323 860 4385 Tiedemonn.
877 4324 895 4382 l.
912 4325 929 4383 l.
945 4343 1011 4405 pag.
1024 4325 1075 4390 53.
1095 4325 1166 4386 lllud

26 4441 33 4474 -,
124 4401 208 4466 solet.
674 4427 760 4470 unum
781 4410 949 4472 recentiores
975 4411 1167 4490 pmegrinnto-
