2990 5228
439 398 755 476 nonanes.
799 415 834 475 rr.
1042 417 1107 482 ece

148 579 243 665 ὕδωρ
264 578 299 659 ἐς
319 573 442 666 υάτὴυ·
474 573 573 667 ἦκται
601 578 637 648 di
666 579 854 666 κατύπερθε
880 577 995 667 ὀλίγον
1014 561 1104 650 Βου-

149 700 287 788 βάστιος
307 696 439 782 πόλιος,
459 697 551 786 nopai
573 696 757 789 Πάτουμον
776 699 838 788 τὴν
861 695 1017 790 Ἀραβίην
1036 699 1100 770 πά-
1111 710 1146 766 25

8 999 10 1014 ¹
98 1013 236 1072 onerario
246 1033 389 1091 permeare
399 1015 496 1094 possit
511 1013 602 1093 Aqno
652 1012 706 1074 lem
721 1011 770 1088 (er
782 1009 864 1085 Nilo)
884 1012 967 1091 panio
989 1031 1072 1090 snpra
1087 1011 1144 1071 Bn-
1200 993 1207 1006 ⁸

99 1099 274 1158 dissentiens
288 1099 393 1159 Plinius
409 1101 603 1178 contemperies
652 1099 748 1158 bastin
767 1097 878 1169 urbem,
906 1099 980 1156 iuxta
998 1097 1144 1172 Potamon,

101 1184 194 1242 latum
225 1202 288 1242 esse
309 1192 402 1244 narrat
429 1183 553 1244 canalem
574 1191 604 1245 et
651 1183 772 1242 Arabiae
791 1182 886 1240 urbem
913 1182 1019 1260 (quam
1040 1203 1077 1242 ac
1098 1203 1144 1240 nr-

104 1269 292 1346 pcudragintu
308 1270 484 1348 profundum.
509 1270 602 1338 Quom
652 1268 716 1327 bem
731 1269 940 1345 praeterfluat),
955 1269 1143 1338 oberantem

105 1354 243 1414 diversam
263 1355 436 1415 latitudinem
459 1377 475 1415 e
493 1355 604 1414 diversa
655 1351 729 1411 hand
742 1349 859 1430 procul'
852 1371 880 1408 ιο
895 1371 970 1412 mare
984 1351 1078 1412 exire?
1097 1351 1143 1411 De

103 1438 227 1498 locorum
255 1440 364 1513 indole,
395 1459 452 1516 qua
472 1441 603 1500 effectum
653 1435 774 1496 Buburtr'
787 1437 903 1494 diximus
916 1439 954 1495 ad
967 1436 1072 1511 11,60.

103 1525 160 1597 sit,
180 1523 283 1582 ntaliis
302 1484 426 1602 podibus
440 1524 602 1586 enucliare]
695 1516 794 1620 πυρά
803 1515 967 1600 Πάτουμον
984 1517 1041 1600 τήν
1060 1514 1142 1600 Ἀμυ-

108 1609 201 1682 magis
224 1608 267 1666 vei
294 1611 383 1669 minus
408 1611 480 1669 latus
507 1611 602 1684 suerit,
652 1609 725 1689 βίην
752 1599 860 1684 πάλιν]
900 1607 1018 1665 Arabiae
1043 1607 1143 1666 dicitur

112 1691 241 1768 explicari
260 1712 343 1769 posse
367 1703 461 1754 censet
474 1695 518 1755 Le
530 1694 602 1755 Pere
652 1695 734 1766 urbs,
755 1692 830 1768 quod
850 1692 1080 1768 omnesdegypti
1095 1711 1145 1750 ur-

111 1775 129 1833 Ι.
145 1774 162 1832 Ι
155 1795 240 1854 --pag
254 1781 311 1850 60,
331 1778 383 1838 hoc
400 1782 483 1841 modo
495 1787 600 1840 certum
652 1780 701 1840 bes
718 1798 736 1836 o
755 1776 822 1836 Nilo
842 1775 970 1836 Arabiam
989 1795 1084 1837 versus
1104 1776 1142 1835 si·

111 1880 171 1920 esse
186 1862 332 1934 adiicienn,
347 1865 483 1925 minimam
496 1864 602 1924 canaiis
651 1870 697 1923 tae
716 1862 768 1920 hoc
787 1861 898 1921 nomine
916 1861 997 1940 vulgo
1016 1861 1142 1920 afficiun-

109 1945 283 2006 latitudinem
311 1966 373 2006 eom
398 1968 477 2025 esse,
516 1969 601 2027 quom
651 1953 712 2022 tur,
732 1952 863 2006 monente
873 1945 1108 2006 Schlichthorst.l.
1121 1945 1140 2004 1.

107 2031 269 2092 Herodotus
305 2033 417 2097 indicet.
464 2035 509 2096 De
544 2053 600 2111 quo
650 2066 695 2079 -
718 2032 848 2090 Potumor
871 2031 955 2105 urbs,
982 2049 1065 2107 quem
1082 2030 1141 2089 lau-

105 2117 237 2194 equidem
252 2119 402 2178 decernere
413 2119 503 2178 nolim.
536 2119 602 2180 Ma·
652 2119 702 2179 dat
714 2116 872 2194 Stephanus
882 2115 1063 2192 Byzantinus,
1077 2115 1142 2176 olim

105 2201 153 2260 iim
172 2203 210 2261 ad
234 2202 358 2262 Heeren.
386 2203 495 2280 (ldeen
518 2203 560 2278 lt,
579 2208 601 2268 2
654 2202 729 2261 hand
743 2203 851 2261 diversa
864 2221 926 2262 ease
942 2201 1087 2260 ridebatur
1104 2201 1140 2259 ub

105 2305 134 2364 p.
150 2287 216 2353 402
231 2289 304 2364 seq.)
326 2288 457 2366 ablegare
478 2288 602 2364 lectores,
652 2306 686 2347 ea
707 2288 791 2360 urbe,
821 2287 938 2363 quaein
961 2286 1044 2360 sacris
1064 2284 1140 2344 libris

107 2371 169 2446 qui,
192 2391 254 2430 oum
268 2375 416 2432 triremibus
430 2381 524 2454 aptum
540 2374 602 2432 No-
650 2379 767 2431 vocatur
780 2369 1028 2471 Ρίίίιουουοοο).Ι
1025 2369 1140 2443 erod.1‚

108 2460 165 2513 ster
183 2456 281 2514 dixerit
300 2458 449 2532 conulem,
481 2459 601 2518 eundem
652 2462 707 2531 11,
729 2458 787 2517 et
779 2477 808 2516 m
824 2457 934 2516 Graeca
951 2456 1077 2516 versione
1093 2452 1141 2515 Ἡ-

108 2558 166 2596 non
201 2543 350 2600 commercii
377 2561 459 2601 causo
487 2543 601 2602 ductum
651 2536 1139 2642 poimvrco'ire.AtHeroopoitu1n

105 2623 194 2683 fnisse
207 2626 315 2699 statuit,
343 2627 394 2685 sed
417 2627 542 2686 beliicum
563 2629 601 2686 ad
650 2627 747 2689 intimo
765 2625 962 2686 sinnsArubici
980 2645 1089 2686 recessu
1102 2625 1141 2684 si-

105 2728 204 2782 nsum,
227 2727 283 2786 quo
296 2711 394 2770 melius
410 2731 492 2788 reges
505 2713 601 2789 Aegy-
649 2719 707 2771 tam
721 2713 864 2786 novimus,
878 2713 925 2776 obt
935 2712 1011 2770 fossa
1025 2730 1060 2769 ex
1073 2709 1139 2769 Nilo

102 2794 144 2872 pti
159 2799 245 2854 terror
262 2797 399 2873 proximas
414 2797 511 2856 ditioni
531 2817 600 2858 cuae
650 2798 754 2858 ducta'
747 2819 776 2857 ιο
789 2817 865 2857 mare
879 2798 960 2871 exiit,
977 2795 1138 2857 commercio

103 2880 223 2938 adiicere
243 2889 365 2958 possent
409 2881 471 2942 Nec
485 2889 600 2961 postera
648 2883 729 2943 valde
740 2885 884 2944 florentem
898 2882 1059 2961 praesertim
1072 2879 1139 2938 Pto-

101 2970 198 3024 aetate
210 2963 324 3023 multumt
339 2966 457 3026 valuisse
475 2967 599 3028 canalem
647 2965 814 3028 lemaeorum
823 2974 924 3027 aetate.
937 2963 1139 3024 viasmtcht-

103 3050 143 3108 ad
163 3051 355 3108 commercium
379 3053 598 3128 promovendam
648 3052 734 3112 horst.
748 3054 765 3112 Ι.
778 3053 798 3111 l.
820 3051 958 3110 Mnnnert
971 3051 990 3107 ί.
1006 3049 1024 3107 Ι.
1038 3048 1138 3127 port

103 3139 201 3212 putot,
221 3136 382 3212 praesertim
399 3155 461 3194 cnm
484 3137 599 3214 naviga·
615 3171 620 3182 ι
648 3138 763 3203 —617
777 3143 805 3196 et
816 3135 941 3215 inprimis
955 3134 1073 3193 Roaiirre
1085 3131 1102 3189 ί.
1118 3131 1137 3190 l.

105 3221 147 3276 tio
171 3237 222 3295 per
241 3225 375 3279 extremas
391 3220 501 3280 Arabici
522 3222 668 3301 ainosp
669 3222 764 3286 ..185
781 3221 841 3286 147
854 3239 933 3296 seqq·
947 3221 1017 3283 162·
1044 3217 1138 3285 Qum

105 3308 202 3380 partes
216 3302 296 3363 valde
314 3305 350 3364 ait
367 3305 485 3365 diffinitis
501 3310 531 3367 et
543 3327 598 3386 pe·
647 3313 714 3385 post
726 3305 794 3366 alios
809 3302 979 3382 Champollio
994 3301 1064 3377 rag.
1073 3320 1138 3358 sous

104 3386 233 3446 riculosa.
486 3409 493 3424 *
647 3391 758 3470 l..phor
775 3390 840 3469 ltp.
849 3391 938 3454 68-
946 3392 988 3452 62
1001 3387 1138 3444 Patumon

147 3461 234 3550 vinces
247 3465 576 3580 δίνοτάπερθε-υυρ
577 3469 598 3538 oi
649 3495 710 3538 eom
724 3475 937 3537 essecontendit
948 3473 1053 3543 urbem,
1067 3488 1139 3547 quae

105 3552 275 3637 Πάτουμον
298 3554 356 3638 τήν
375 3552 522 3641 Ἀραβίην
544 3555 598 3624 πά.
647 3562 768 3639 Aegypt
781 3561 891 3621 nomine
904 3565 1018 3618 vocetur
1026 3555 1138 3628 Tonsos

102 3640 172 3722 λιν]
199 3645 286 3703 Haud
304 3664 389 3724 opus,
417 3653 448 3704 nt
470 3647 598 3723 equidem
648 3647 677 3707 in
690 3648 805 3706 introitu
818 3647 900 3706 sitam
910 3641 1051 3716 convallis,
1065 3659 1139 3718 quae

104 3729 210 3801 sentio,
239 3749 301 3788 enm
329 3729 470 3789 Larchcro
492 3751 599 3810 ponere
646 3751 699 3811 per
717 3738 825 3791 montes
846 3729 979 3788 Arabicos
1003 3728 1139 3786 orientem

101 3820 235 3892 punctum
251 3817 317 3892 post
334 3809 455 3890 πόλιος,
484 3822 515 3874 ut
533 3819 598 3876 reli·
647 3835 741 3876 versus
763 3815 921 3896 porrigatur
943 3832 1030 3889 nsque
1049 3811 1122 3870 ad'
1100 3831 1139 3869 sr-

80 3931 85 3936 ·
102 3917 161 3974 qno
175 3897 227 3958 hoc
239 3899 343 3958 modo
317 3909 498 4004 rupgantur:
513 3897 596 3982 παρά
646 3919 713 3959 num
725 3901 872 3960 Arabicum
884 3900 953 3973 iere,
967 3897 1015 3956 ubi
1028 3897 1140 3956 Heroo-

105 3975 324 4062 Πάτουμον
276 4007 343 4088 την
361 3978 419 4088 Ἀρ.
433 3980 522 4046 πόλιν
537 3983 598 4047 ίοί-
646 3984 716 4064 polis
738 3992 781 4043 est
805 3987 866 4044 sita
909 3983 978 4042 Inde
998 3981 1137 4039 Mannert.

102 4063 241 4148 petie
207 4091 264 4148 την
276 4061 336 4148 Ἑρ.
351 4066 525 4143 θάλασσαν,
541 4071 598 4131 eie·
642 4069 696 4136 1.1.
714 4088 779 4148 pag.
787 4069 850 4134 506
872 4067 1006 4128 Potumon
1026 4083 1060 4124 eo
1076 4062 1152 4122 loon.

101 4159 148 4214 cto
167 4153 300 4232 particula
321 4152 391 4226 δά(
377 4159 462 4234 (post
478 4151 596 4235 ίοίηει),
648 4155 731 4215 inisse
755 4153 834 4226 vult,
863 4153 910 4212 ubi
936 4167 1008 4211 nnnc
1024 4145 1140 4226 aeteya

100 4237 180 4298 cuins
201 4238 263 4298 loco
288 4257 358 4298 unus
387 4239 456 4298 liber
481 4242 598 4319 praebet
647 4241 684 4300 sit
697 4244 849 4311 exstructa,
866 4237 922 4295 duo
933 4233 1058 4295 milhano
1070 4252 1140 4311 geo-

101 4317 153 4401 δή.
189 4323 294 4392 Quidni
306 4343 380 4382 emm
394 4324 540 4385 Herodoto
555 4326 599 4384 di·
646 4325 779 4403 graphica
804 4321 947 4383 meridiem
980 4337 1076 4379 reram
1102 4319 1139 4377 ab

101 4427 166 4469 cere
182 4406 271 4467 licuit:
300 4409 410 4468 ductum
431 4429 494 4470 esse
514 4429 598 4470 cana·
648 4410 717 4469 urbe
745 4409 871 4469 Bubasti.
890 4404 970 4554 MC?-
989 4403 1139 4483 adempsit

145 4490 340 4552 unusual
327 4493 350 4552 Ι.
