3006 5174
258 1725 532 1821 nunnoni
560 1685 897 1851 uunnvono
926 1725 981 1816 P.
1010 1725 1062 1820 s.

24 2319 26 2350 .
195 2226 417 2342 Iamdudum
432 2283 508 2363 est‚·
528 2297 653 2368 exquo
668 2273 861 2346 Hshnins
881 2271 984 2344 sFr.
1002 2272 1227 2346 Creozero

24 2443 26 2448 ·
95 2421 199 2513 petiit,
224 2435 281 2515 ut,
313 2449 395 2519 quas
415 2429 565 2500 scribere
588 2430 1091 2525 inceperntoommentationes
1105 2427 1226 2500 Hero·

92 2576 226 2668 dolens,
243 2603 298 2650 ess
312 2581 358 2650 nd
371 2583 473 2652 linem
488 2583 695 2678 perduceret
708 2583 958 2674 multorumque
973 2581 1144 2653 desideriis
1158 2583 1227 2652 boc

84 2731 185 2802 modo
201 2736 415 2806 satisfaceret
451 2737 615 2824 Quicum
629 2739 700 2808 aliis
715 2738 860 2832 negotiis
879 2739 1036 2828 obrutus,
1052 2761 1128 2806 enm
1141 2761 1227 2832 pro-
1321 2825 1327 2841 ι

84 2887 220 2958 vinciam
245 2891 281 2959 in
302 2913 341 2960 se
362 2893 517 2986 recipere
542 2915 610 2963 non
630 2893 810 2986 potuisset,
843 2914 951 2962 norae
972 2891 1124 2962 editionis
1143 2891 1227 2960 mihi

83 3040 339 3115 demandandae
359 3047 534 3116 masiliam
555 3046 762 3140 bibliopolae
781 3044 1014 3145 honestissimo
1029 3069 1071 3115 es
1088 3044 1227 3136 quidem
1384 3017 1385 3022 ἵ

79 3197 155 3291 lege
169 3199 355 3290 persuasit,
380 3208 439 3290 ut,
460 3223 548 3291 qnae
561 3201 636 3295 ipse
650 3201 731 3270 olim
744 3201 779 3268 in
801 3201 1136 3269 commentationibus
1150 3199 1226 3268 lle-

76 3349 227 3421 rodoteis
251 3351 501 3446 disputaverat,
525 3377 567 3425 ea
584 3377 646 3424 suo
665 3376 819 3444 quaeque
836 3353 914 3421 loco
927 3352 962 3421 in
978 3351 1124 3422 editione
1138 3374 1226 3422 nove

75 3503 337 3594 adhiberentur,
363 3506 428 3576 alin
447 3531 550 3596 vero,
584 3530 674 3600 quse
694 3507 740 3576 sd
754 3506 970 3578 Herodotum
993 3506 1225 3576 illustrandum

74 3660 106 3727 in
129 3657 272 3730 schedis
293 3660 360 3730 suis
383 3662 586 3757 collegerat,
617 3683 754 3732 mecum
774 3661 809 3730 in
829 3683 927 3730 nsum
947 3659 1046 3729 buius
1072 3659 1224 3729 editionis

76 3813 412 3888 eommuuionrentur.
463 3815 530 3886 lliu
556 3823 729 3884 cunctatus
759 3814 919 3906 equidem
941 3813 1056 3907 recepi
1083 3814 1224 3907 provin-

76 3967 161 4036 ciam
177 3990 261 4038 sene
275 3969 529 4062 gravissimum
553 3971 588 4038 in
600 3990 669 4059 qun
684 3991 754 4060 qno
768 3979 872 4062 pacto
886 3969 948 4038 sim
964 3976 1131 4054 versatus,
1152 3966 1223 4036 nliis

24 4085 26 4162 l
82 4123 189 4191 nnlim
206 4121 460 4192 diiudicandum
477 4123 679 4214 relinquere.
731 4120 819 4192 Cum
834 4123 924 4192 enim
943 4121 1013 4190 boe
1030 4120 1127 4190 buius
1147 4119 1221 4188 odi-

87 4274 173 4346 tionis
189 4287 278 4348 esset
292 4277 481 4367 consilium,
493 4287 532 4350 ut
545 4285 654 4347 textus
666 4277 726 4369 qui
740 4275 860 4346 dieitur
874 4274 1098 4363 exhiberetur,
1113 4295 1222 4364 quan·
