3012 5182
405 436 471 500 Μ
748 429 1102 495 HERODOTI

405 597 530 678 πόλιος.
548 597 584 666 ἓν
604 593 708 686 ταύτῃ
729 600 772 686 τῇ
791 597 869 668 πόλι
889 597 956 668 ἐστὶ
980 597 1127 684 Περσέος
1149 600 1211 667 τοῦ
1223 591 1363 682 Δανάης

384 715 482 805 ’ἱρόν
501 715 722 802 τετράγωνον·
766 719 859 805 πέριξ
888 718 924 788 dir
951 717 1056 788 occisori
1078 719 1230 805 φοίνικες
1247 716 1360 802 πεφύ-

404 856 504 906 κασι·
525 835 565 905 sol
587 836 623 906 dl
644 836 801 922 πρόπυλα
821 843 883 906 τοῦ
905 841 983 924 ἱροῦ
1003 837 1116 907 λίθινά
1138 836 1224 921 ἐστι,
1245 834 1357 920 κάρτα
1371 847 1408 900 95

403 955 542 1045 μεγάλα·
572 955 626 1025 inl
647 957 683 1026 di
706 954 836 1026 αὐτοῖσι
856 954 1052 1042 ἀνδριάντες
1083 957 1146 1028 drio
1174 957 1287 1026 ἑστᾶσι
1309 957 1363 1024 λί-

381 1083 498 1144 θθινοι
517 1074 663 1163 μεγάλοι.
686 1077 722 1146 ἑο
744 1076 779 1146 ol
801 1082 849 1165 τῷ
869 1077 1131 1166 περιβεβλημένῳ
1153 1075 1261 1163 τούτῳ
1275 1073 1364 1163 νηός

402 1219 438 1264 τε
459 1195 527 1277 ἔνι,
548 1196 605 1266 stul
627 1193 758 1285 ἄγαλμα
778 1198 815 1266 ἐν
836 1194 928 1291 αὐτῷ
948 1198 1098 1289 ἐνέστηκε
1118 1203 1180 1268 τοῦ
1201 1197 1362 1285 Περσέος.

360 1547 558 1622 crederemus,
586 1547 659 1607 hanc
678 1547 773 1608 urbem
790 1568 854 1610 esse
902 1553 961 1624 tur,
982 1547 1088 1608 facilius
1108 1567 1192 1627 spero
1211 1543 1320 1622 intelligi
1338 1564 1396 1624 po-

264 1641 267 1648 ’
360 1649 438 1703 eum,
458 1627 641 1711 quacKuqu'
652 1627 742 1706 πόλις
756 1635 854 1693 dicitur
902 1640 1012 1708 terunt,
1045 1653 1097 1692 nec
1116 1634 1205 1711 magis
1225 1650 1278 1692 nos
1295 1631 1394 1690 suva-

358 1715 539 1791 Ptolomuco,
558 1719 610 1776 nisi
630 1726 757 1779 moneret
774 1719 853 1778 Dan·
902 1718 1028 1778 tantludi
1042 1719 1163 1796 gymnici
1178 1718 1273 1778 Persei
1293 1716 1400 1774 iussus

359 1801 463 1874 villius,
476 1801 614 1882 Neapolin
626 1804 728 1864 huncce
740 1811 853 1882 septus·
903 1805 1066 1864 Chemmitis
1073 1803 1199 1878 instituti,
1206 1821 1292 1880 quam
1299 1801 1403 1878 Olym-

358 1885 437 1963 gints
453 1886 584 1948 milliariis
601 1889 735 1949 Romanis
749 1890 854 1950 distare
902 1889 957 1969 pici
982 1889 1041 1948 ludi
1060 1889 1096 1948 ab
1129 1887 1251 1948 Hercule
1286 1887 1402 1945 conditi.

358 1990 377 2029 o
391 1972 524 2032 Chemmi.
566 1973 705 2051 Equidem
717 1976 852 2034 tamenin
901 1974 965 2036 Nec
989 1975 1109 2050 denique
1122 1991 1177 2032 non
1201 1971 1404 2050 intelligemus,

358 2057 452 2128 urbe,
484 2060 559 2118 cuius
594 2066 651 2118 tam
677 2058 732 2118 late
753 2065 852 2138 puteat
902 2079 950 2119 cur
976 2058 1096 2118 Perseus
1121 2059 1282 2118 ctemmiris
1313 2059 1403 2136 adpa-

358 2142 616 2218 significatio,uihil
629 2144 784 2219 decernam,
799 2164 852 2204 nec
879 2136 884 2145 ’
901 2165 981 2218 rens,
1002 2151 1111 2204 tanturn
1120 2143 1217 2203 efferat
1237 2144 1307 2201 anni
1322 2145 1402 2202 serti-

356 2227 386 2284 in
399 2229 569 2308 geographia
589 2235 680 2289 terrae
695 2228 851 2309 Aegyptia·
900 2229 1007 2289 litatem
1028 2229 1187 2305 felicemque
1203 2230 1321 2304 frugum
1333 2249 1401 2307 pro-

356 2329 424 2384 cae,
438 2333 510 2389 quue
524 2320 569 2372 tot
584 2315 850 2396 adhucluboratqte·
899 2320 1020 2373 ventum.
1062 2313 1136 2373 Nolo
1154 2313 1282 2393 pluribus
1308 2333 1344 2372 es
1363 2315 1400 2373 de

356 2397 465 2471 nebris,
478 2398 627 2475 quidquam
640 2407 715 2459 certe
727 2419 851 2477 pronun·
898 2419 930 2460 re
943 2401 1111 2478 disceptare,
1134 2419 1209 2476 quse
1228 2399 1266 2456 ud
1286 2399 1399 2476 mytho-

356 2482 488 2541 tiaverim.
532 2483 679 2544 Caeterum
696 2484 760 2544 vide
771 2491 802 2543 tu
812 2487 851 2546 de
898 2485 980 2562 logos
993 2486 1081 2564 potius
1094 2486 1236 2563 pertinet,
1257 2502 1340 2560 quam
1356 2485 1394 2541 sd

355 2565 715 2646 NeapoliSchlichthorstl.
723 2569 741 2627 l.
749 2589 777 2647 p.
786 2573 847 2636 101
897 2571 1036 2631 Herodoti
1048 2571 1246 2646 interpretem,
1267 2570 1312 2644 qui
1329 2569 1394 2625 uui·

356 2670 415 2727 seq.
428 2659 458 2713 et
469 2653 609 2712 Mannert.
624 2653 641 2710 l.
659 2654 676 2712 l.
695 2673 762 2733 pag.
774 2656 848 2729 371,
900 2676 933 2716 ce
954 2656 1007 2715 hoc
1024 2655 1075 2714 sibi
1102 2653 1189 2714 habet
1210 2653 1391 2732 propositum,

355 2737 403 2813 qui
422 2739 521 2797 eodem
547 2737 609 2796 loco
630 2757 705 2797 nunc
729 2740 850 2818 conspici
899 2747 932 2799 ut
950 2741 1112 2818 scriptorem
1134 2739 1270 2812 illustret,
1298 2737 1391 2816 quood

354 2821 422 2880 dicit
435 2823 522 2880 vicum
535 2821 625 2896 Keos,
644 2829 752 2884 retenta
766 2824 848 2883 nimi·
899 2826 958 2885 eius
972 2826 1033 2884 fieri
1051 2831 1160 2905 potest,
1182 2825 1295 2901 eiusque
1309 2825 1394 2882 effatu

354 2914 519 2967 rumvetere
533 2907 730 2988 appellatione,
752 2927 849 2988 quum-
898 2911 1067 2989 comprobet
1103 2909 1226 2968 Videant
1236 2911 1319 2986 igitur
1332 2929 1392 2986 my-

353 2993 394 3052 vis
407 3000 544 3071 corrupta.
898 2995 1040 3072 thologiae
1068 2994 1184 3054 studiosi
1213 2996 1342 3054 Creuzer.
1363 2995 1392 3052 in

397 3076 430 3139 ἐν
444 3071 538 3164 ταύτῃ
553 3081 594 3162 τῇ
607 3069 677 3140 πόλι
690 3075 751 3140 ἐστὶ
768 3081 847 3159 Περ·
897 3078 1023 3160 Symbol.
1042 3079 1162 3159 passim,
1194 3099 1228 3139 ac
1247 3081 1390 3158 praecipue

354 3159 422 3237 σὲος
436 3166 493 3225 τοῦ
512 3157 638 3242 Δανάης
660 3159 725 3243 ἱρὸν
745 3159 846 3243 cesori-
895 3164 952 3245 lp.
967 3164 1037 3230 471.
1053 3165 1115 3228 748
1130 3184 1210 3242 seqq·
1231 3169 1294 3230 769
1314 3183 1390 3242 seqq.

352 3254 473 3332 yuvov]
500 3249 603 3308 Mirum
616 3252 741 3328 prolecto
757 3249 845 3310 videri
894 3249 921 3308 ll
935 3271 964 3330 p.
979 3249 1040 3315 204
1056 3267 1139 3327 seqq.
1164 3249 1318 3330 111p236
1333 3268 1389 3326 seq.

352 3334 443 3413 possit
463 3332 580 3409 Persei,
602 3352 683 3411 quem
707 3335 844 3395 Graecum
894 3334 934 3394 lv
947 3356 976 3415 p.
991 3333 1033 3398 44
1048 3353 1130 3412 seqq.

351 3420 435 3495 vulgo
450 3417 561 3478 heroem
577 3419 745 3498 perhibent,
773 3427 844 3479 tem-

351 3502 427 3582 plum
442 3508 471 3562 et
487 3504 575 3562 cultus
592 3505 684 3562 medio
702 3507 731 3562 in
748 3502 845 3582 Aegy·
934 3498 971 3566 ssi
994 3499 1028 3565 dl
1047 3497 1185 3586 πρὸπυλα
1201 3500 1254 3562 τοῦ
1268 3495 1340 3576 ἷροῦ
1353 3519 1381 3560 σε.

350 3593 426 3668 pto,
455 3588 509 3646 nisi
532 3588 646 3648 interius
669 3592 737 3666 quid
756 3589 845 3650 latere
893 3611 917 3652 s.
933 3587 971 3668 4.]
994 3583 1150 3669 πρόπυλα,
1164 3604 1230 3664 quae
1243 3584 1385 3642 etiamdi-

351 3671 499 3732 existimes.
529 3671 583 3732 Est
596 3673 775 3733 enimhicde
790 3677 846 3748 deq
894 3682 993 3734 cuntur
1007 3669 1181 3756 προτιόσσεο.
1224 3669 1333 3727 Confer
1348 3667 1385 3745 ll,

351 3758 552 3834 cogitandum,
600 3778 637 3850 qu
660 3757 740 3818 aliter
760 3743 846 3837 utqise
895 3760 967 3826 15&
989 3761 1074 3831 Quod
1086 3755 1150 3837 ἱρὸν
1161 3755 1248 3827 dixit,
1261 3754 1384 3832 inscqq.

350 3841 387 3902 de
406 3841 526 3902 Hercule
631 3843 705 3920 ptio;
734 3849 763 3902 et
782 3846 844 3921 qui·
894 3845 1045 3905 nominavit
1056 3847 1139 3906 rorico
1154 3835 1189 3902 so'
1200 3839 1383 3920 περιβεβλη-

350 3927 414 3986 dem
430 3928 466 3986 dc
480 3927 563 3988 solari
578 3927 632 3984 deo
644 3927 702 3988 sive
716 3929 778 4006 ipso
789 3929 844 3987 So·
894 3929 987 4011 μένον
1011 3931 1131 4004 beneque
1153 3927 1279 3984 distinxit
1306 3920 1382 4002 νηὸν

348 4010 393 4085 Ιε;
412 4031 468 4090 quo
480 4013 524 4072 vel
536 4028 637 4070 nomeu
655 4012 756 4073 ducere
776 4033 845 4091 pos·
894 4017 912 4074 i.
930 4036 955 4075 e
972 4015 1064 4074 aedem
1083 4033 1106 4070 s.
1120 4012 1273 4070 aediculam
1294 4010 1382 4088 ipsam

350 4097 403 4172 sit,
424 4099 531 4175 inquo
553 4094 686 4172 splendidi
706 4117 739 4156 ac
760 4095 847 4158 lucidi
895 4107 976 4179 septo
994 4117 1070 4158 sacro
1095 4096 1245 4170 inclusam,
1273 4097 1304 4154 in
1331 4114 1383 4178 qua

347 4184 490 4242 notionem
505 4181 557 4239 sibi
570 4181 844 4260 deprehendissevisi
894 4185 940 4244 dei
954 4187 1064 4260 signum
1075 4179 1245 4244 collocutum.
1282 4181 1383 4240 Confer

170 4230 174 4240 r
253 4299 255 4309 ι
350 4275 414 4327 sunt
436 4267 486 4324 viri
505 4266 588 4324 docti.
632 4268 742 4337 Quodsi
758 4269 843 4344 igitur
892 4269 937 4344 ΙΙ,
953 4271 1003 4334 63.
1033 4301 1071 4314 ·-
1093 4269 1127 4328 ln
1145 4289 1225 4348 seqq.
1246 4267 1381 4327 articulum

349 4351 443 4411 Solem
464 4352 567 4411 Perseo
600 4352 714 4410 indicari
738 4360 842 4412 certum
893 4356 948 4416 τοῦ
963 4361 1030 4414 autc
1048 4353 1184 4435 Περσέος
1197 4373 1256 4414 cum
1269 4358 1379 4411 recenti.

350 4442 410 4514 est,
426 4437 481 4497 iem
496 4457 569 4515 quae
580 4437 617 4498 de
633 4456 667 4500 eo
678 4439 844 4518 praedicen-
893 4440 1057 4500 'mseruimus
1069 4459 1087 4500 e
1097 4441 1224 4520 probatis
1238 4438 1322 4498 libris.
