2982 5170
489 435 655 502 cL10.
684 437 721 500 i.
1017 447 1083 522 Μ

129 602 191 674 καὶ
215 601 259 682 ἐς
273 600 326 689 ἐμὲ
343 607 439 674 rorico
460 603 508 675 ἔτι
524 600 599 687 ἐὰν,
631 600 693 674 dria
713 605 857 676 σταδίων
877 604 1004 697 πάντη,
1023 608 1082 680 ἐόν

92 867 236 944 ligerent,
250 865 335 944 qualis
350 863 402 926 hoc
419 863 585 943 cognomine
633 863 708 924 snus
719 863 831 942 genium
844 886 927 944 eoae,
936 868 1058 950 indeque
1070 871 1122 934 de·

96 953 171 1012 deus
190 969 223 1012 cx
240 952 360 1030 ipsorum
371 949 484 1010 notione
496 950 585 1026 nigni-
633 970 708 1010 mnm
722 969 776 1033 pro
794 971 901 1014 summo
923 955 977 1016 deo
998 955 1123 1048 coelique

97 1037 239 1110 timetur,
259 1036 368 1095 addidit
380 1029 487 1109 Διός.
509 1033 584 1093 Nam
633 1035 745 1093 domino
764 1035 866 1096 nultum
884 1041 1071 1118 contendens,
1091 1041 1122 1104 id

97 1119 152 1182 Bci
176 1141 280 1180 auruno
308 1119 371 1179 ioco
390 1121 461 1180 inter
480 1121 585 1180 deosa
633 1120 711 1198 quod
724 1120 769 1178 vix
782 1121 957 1201 ineum,qui
971 1124 1044 1184 lovi·
1058 1132 1122 1188 tan-

96 1205 254 1282 Babyioniia
266 1206 377 1265 dubim·
389 1210 448 1278 en,
468 1223 520 1266 nec
529 1203 585 1262 alio
633 1211 692 1266 turn
710 1203 824 1283 planetu
843 1207 881 1266 cit
900 1207 1027 1285 habitur,
1055 1230 1122 1272 con·

97 1311 242 1370 quamquo
257 1285 358 1362 Ζεῦς
373 1290 585 1370 apudGraecor
633 1289 698 1349 ferri
718 1289 848 1368 potuerit.
887 1291 986 1372 Itaque
1005 1295 1033 1353 in
1051 1293 1122 1356 Belo

96 1383 124 1437 et
136 1374 257 1454 Iuppiter
277 1374 354 1454 apud
373 1373 533 1446 Romanor3
553 1377 586 1434 ut
632 1373 847 1450 Babyloniorum
875 1379 1064 1457 antiquissimo
1082 1393 1123 1442 ‘a-

92 1459 129 1522 nii
143 1462 258 1537 minum,
289 1460 414 1520 Graecos
428 1459 586 1518 Romanoa·
633 1460 803 1520 stronomiae
813 1461 904 1520 minna
917 1480 999 1541 quem
1012 1483 1123 1526 coemo-

90 1567 122 1607 ve
136 1547 292 1625 scriptores
307 1545 350 1604 hu
362 1545 518 1605 nominibus
528 1543 586 1602 Ba·
634 1543 736 1622 goniae
758 1551 787 1604 ut
809 1546 900 1622 aiunt,
921 1549 1055 1612 rationem
1070 1549 1122 1612 ia-

90 1632 232 1708 byloniurn
265 1649 371 1690 nomen
401 1627 584 1708 interpretari.
634 1629 755 1689 bendum
774 1650 837 1692 esce
853 1651 905 1713 per
923 1636 1010 1694 totum
1030 1635 1123 1696 on'en·

89 1716 163 1776 Nolo
176 1717 259 1796 ipsos
272 1715 374 1774 afferre
386 1713 513 1789 locoque
521 1719 586 1772 acta
634 1719 690 1775 tem
701 1713 844 1791 vulgatae,
865 1733 922 1793 qna
931 1717 1123 1796 prinn'qeniam

91 1821 173 1878 agam
194 1807 266 1879 pont
293 1805 446 1858 accuratam
470 1797 585 1858 Geaenii
635 1800 775 1876 quandam
786 1807 900 1860 naturae
913 1803 1124 1884 vimduplin'ter

91 1887 311 1966 disputationem
329 1885 359 1942 in
388 1883 588 1946 commentari.
636 1883 752 1942 divinam
764 1884 953 1963 cogitaverint,
966 1881 1129 1965 etgigicnss

92 1973 130 2030 ad
151 1971 234 2030 leeai.
261 1969 317 2029 vot
330 1968 358 2028 11
378 1989 407 2049 p.
422 1971 486 2036 385
505 1987 587 2045 seqq.
635 1974 693 2030 tem
708 1989 732 2028 a.
746 1975 919 2030 nannenten
928 1978 958 2032 et
970 1973 1128 2052 coaptem.

93 2053 290 2116 cottidinter.
309 2053 328 2113 L
350 2053 369 2112 1.
389 2055 587 2132 paq-18.19·
636 2060 692 2116 tem
711 2073 736 2113 ι.
757 2060 921 2114 naturatum.
969 2057 1046 2118 illam
1070 2076 1124 2136 pro

93 2139 141 2201 Ad
154 2141 250 2200 nidera
268 2138 405 2198 Geacnius
425 2137 522 2198 Belum
542 2157 586 2198 re·
635 2136 703 2200 Sole
725 2137 850 2216 coelique
868 2140 981 2200 domino
1002 2143 1125 2204 habitam

93 2226 152 2286 sert
162 2223 294 2302 illumque
304 2223 445 2303 ptanetam
457 2222 530 2281 loric
542 2221 587 2282 vei
635 2223 751 2301 Beiique
764 2224 875 2285 nomine
887 2224 989 2286 cultum
1007 2227 1071 2288 hinc
1081 2227 1127 2286 in-.

94 2311 181 2370 denm
195 2310 224 2368 in
239 2329 274 2370 co
286 2309 452 2368 habitantem
468 2306 587 2368 inim
636 2315 680 2368 ter
700 2310 811 2370 nmina
829 2310 947 2388 primum
963 2311 1055 2372 locum
1071 2311 1125 2372 ob-

93 2393 222 2476 pluribrn
244 2412 340 2454 sacrae
355 2393 508 2472 scripturae
520 2391 587 2450 lucin
636 2393 769 2470 tionum,
793 2393 865 2456 lianc
884 2415 936 2474 pro
955 2395 1038 2456 Luni
1058 2414 1126 2458 ean·

94 2479 210 2540 minime
219 2479 332 2538 dubium
340 2497 402 2540 aare
413 2483 517 2540 censet.
533 2477 588 2546 Qui
636 2479 756 2555 denque
772 2478 841 2540 coeli
866 2481 991 2556 reginam
1004 2481 1126 2542 habitam

95 2566 169 2626 idem
194 2563 281 2624 Belua
300 2583 424 2623 aunuum
442 2563 512 2624 deuo
533 2561 589 2622 una
636 2563 788 2625 etenum.
808 2563 1126 2642 Seddeeaiuiraadi,

95 2649 282 2710 mmVenere
301 2649 423 2710 omnium
452 2647 589 2708 bonorum
638 2651 708 2715 199.
751 2648 826 2710 Hinc
846 2669 898 2730 pro
917 2649 993 2726 Sole,
1018 2669 1126 2712 summo

95 2737 225 2815 princepe
245 2740 329 2812 atque
354 2739 453 2794 auctor
478 2732 588 2792 habitin
640 2733 694 2794 deo
713 2733 766 2794 Bel
791 2733 890 2812 accipit
906 2733 1059 2796 Paimblad.
1090 2736 1128 2797 de

96 2823 260 2897 summaque
271 2819 423 2880 renuentia
430 2816 528 2878 cruitur.
542 2817 590 2876 Iu-
639 2819 698 2880 reb.
711 2817 820 2896 Bnbyil.
833 2837 900 2898 pag.
912 2823 955 2886 42
968 2840 1030 2898 aeq.
1065 2817 1128 2882 Beli

96 2906 131 2964 dc
143 2903 592 2984 amplissimrnnaccpiendidiaai·
639 2922 705 2964 vero
727 2903 860 2983 templum
878 2923 936 2964 non
953 2903 1129 2966 eliudt'uicre

97 3009 169 3050 mann
206 2987 340 3064 tempium
368 2995 446 3049 tanto
480 2988 592 3048 nurnine
639 2995 726 3066 atque
742 2987 871 3048 Nrmrodi
895 3007 986 3050 arcem
1007 2989 1129 3067 indeque

97 3077 224 3154 profecto
247 3073 375 3148 dignum,
402 3073 484 3152 quaie
501 3073 593 3132 Hern-
640 3074 725 3134 etiam
737 3073 765 3131 in
776 3072 938 3134 occidentuii
949 3074 1024 3134 urbis
1038 3080 1129 3153 parte,

99 3159 179 3218 dotus
189 3159 218 3219 h.
235 3155 591 3234 l‚,Diodornr,11,10coil.
641 3178 714 3236 quae
727 3158 804 3236 prior
817 3177 969 3236 caoequam
980 3157 1033 3217 tuit
1045 3165 1130 3236 atque

98 3243 188 3304 Surb.
204 3241 280 3304 XVI
299 3261 329 3321 p.
341 3245 402 3308 788
419 3262 443 3302 a.
463 3241 592 3324 p.1073
639 3243 789 3317 vetmtior,
816 3241 993 3318 milonem,
1012 3259 1130 3322 peruua-

100 3327 270 3390 deacribunt.
322 3323 404 3386 Plura
430 3328 592 3408 praeuertim
641 3327 679 3387 rit
699 3325 782 3386 nobie
808 3325 979 3403 Heereniin,
1022 3325 1131 3399 Porteri

98 3412 242 3474 Diodotus
254 3411 352 3485 addit,
373 3429 443 3488 qnae
458 3413 488 3472 in
497 3411 590 3472 Hero-
639 3409 725 3489 Angli
734 3411 949 3490 peregrinatorii
961 3411 1131 3490 argumenti!

97 3497 191 3558 doteir
210 3497 286 3557 haud
298 3496 446 3574 leguntur,
467 3495 592 3576 explicita
640 3495 703 3576 ipre
724 3497 831 3556 ducura
873 3495 1033 3558 Mantuani
1057 3497 1131 3558 enim

98 3583 132 3644 ab
148 3579 340 3644 Gerenioil.
361 3601 391 3660 p.
404 3581 476 3644 856.
507 3581 593 3641 Prae·
639 3580 814 3655 nunninae,
836 3599 908 3664 qnae
926 3581 1064 3660 hodieque
1083 3602 1132 3656 cu7,

100 3672 141 3728 ter
166 3668 322 3728 Geaenium
344 3667 383 3728 dc
402 3663 473 3726 Bdo
498 3665 593 3744 dispu—
640 3672 757 3745 perannt
778 3664 1019 3746 testimoniumque
1045 3668 1132 3726 edunt

103 3755 192 3814 urunt
216 3751 359 3811 Berthoid.
384 3750 422 3811 ad
444 3748 552 3810 Daniei
567 3750 591 3826 1,
641 3750 768 3812 omnibns
790 3748 851 3809 aliia
867 3751 956 3812 maior
975 3749 1132 3828 arque-nr·

103 3842 211 3916 apag.
230 3839 293 3902 180
314 3857 372 3914 aeq.
399 3835 594 3896 flammenin
640 3835 722 3896 mina.
752 3834 928 3896 Conveniunt
942 3853 1088 3896 memurae
1102 3841 1132 3896 ct

103 3919 216 3986 Wiener
233 3921 380 3980 Jahrbirrh.
400 3919 428 3980 X
449 3938 518 3999 pag·
533 3921 594 3984 239
642 3917 823 3998 longitudinis
838 3924 866 3981 et
872 3919 1031 3992 latitudinis,
1043 3937 1133 3997 qnan-

106 4015 163 4065 not.
185 4011 222 4080 1,
259 4025 295 4066 ac
325 4023 414 4084 nuper
444 4003 595 4064 admodum
642 4011 702 4064 turn
721 4005 775 4064 hoc
801 4021 836 4064 ex
858 4000 998 4064 ruinarum
1025 4001 1132 4072 muto

107 4087 248 4152 idimtcrnr
268 4092 297 4150 in
322 4087 394 4149 libro
413 4091 450 4150 de
470 4087 595 4166 Babylo-
641 4089 1068 4169 wiligipoteat300napiciuntur
1080 4087 1133 4148 cd-

109 4174 215 4236 niurnm
243 4175 379 4253 reiigione
407 4173 594 4255 (Kopenhag.
642 4173 696 4236 hnc
708 4180 765 4234 tre·
780 4180 869 4234 turrea
883 4171 1133 4248 exodotmribur,

111 4259 210 4334 1827)
223 4278 287 4337 pag.
302 4265 351 4326 16.
382 4258 439 4329 Qui
450 4258 522 4320 hand
535 4261 594 4320 acio
643 4278 713 4338 qnae
732 4258 893 4318 Herodotur
914 4262 1057 4332 recenset,
1083 4274 1133 4318 ex·

110 4361 149 4402 au
164 4343 258 4402 men'to
276 4346 396 4406 Geacnio
421 4342 593 4422 obloquatur,
643 4343 927 4420 etantadeovertigia
936 4339 1133 4418 ambituque·

107 4425 458 4576 Beifflvclsoielniprum
472 4427 593 4496 veiente
642 4428 732 4502 droti,
758 4445 815 4504 quo
836 4423 969 4572 tongum
987 4423 1063 4510 istud
1080 4441 1134 4512 qq·

213 4529 306 4574 annu.
526 4565 529 4572 .
