3008 5172
419 433 484 498 618
722 431 1084 497 HERODOTI

418 598 457 668 iv
477 597 582 689 ταύτῃ
602 597 666 687 yde
687 596 729 687 ds)
748 603 791 687 τῇ
810 596 888 668 adis
908 597 976 668 ἐστὶ
994 597 1151 686 μέγιστον
1162 597 1270 682 'rsus
1286 600 1384 688 lois.

373 863 451 943 ipse,
472 883 557 942 quum
569 859 661 921 medio
680 860 710 920 ln
728 857 815 922 Delta
833 861 871 921 si·
918 859 1024 920 nomini
1060 861 1189 922 ufimlus
1227 861 1436 942 Aegyptum
1495 899 1496 903 =

373 955 432 1008 tem
446 949 541 1027 prodit
552 947 721 1010 Herodotus.
751 945 808 1028 [ld
821 968 868 1008 oe-
918 947 1030 1008 additus
1042 949 1210 1027 repesiutur,
1220 955 1250 1008 et
1258 951 1434 1028 coptum

286 1063 289 1070 ⁴
373 1034 538 1094 sidentelem
561 1034 688 1094 nimirum
716 1032 764 1092 illa
791 1051 867 1092 oram
918 1041 1213 1110 quoquemouurnentu
1221 1037 1434 1096 emendatiora

288 1170 291 1178 .
373 1119 520 1179 Phntnitiei
539 1121 614 1178 fluvii
640 1120 693 1177 sita
711 1123 793 1192 eret,
819 1119 868 1177 ubi
916 1135 1020 1177 nomen
1034 1120 1109 1178 urbis
1128 1121 1168 1178 itu
1181 1121 1321 1199 scriptum
1347 1123 1433 1182 eelsi-

372 1224 446 1264 uisne
473 1205 534 1265 loeo
554 1223 657 1264 nomen
675 1201 789 1262 Boussir
808 1203 867 1264 sive
916 1203 1017 1262 beant:
1028 1198 1158 1275 Pousirs',·
1179 1206 1318 1286 idipsum
1336 1225 1431 1272 voee-

371 1291 526 1351 Absens„
558 1290 624 1351 viu
659 1289 866 1350 Schlichtherst.
916 1288 1009 1348 bulum
1030 1283 1175 1371 Βούσιρις
1196 1291 1235 1350 nil
1254 1291 1334 1352 eliud
1353 1314 1430 1354 esse

371 1375 390 1434 l.
406 1376 424 1434 Ι.
442 1397 472 1456 p.
489 1380 531 1441 70
546 1396 606 1455 seq.
629 1374 782 1454 Champoll.
803 1373 821 1432 l
846 1373 865 1433 l.
914 1392 998 1452 quens
1017 1375 1138 1436 Osiridis
1160 1395 1268 1448 nomen,
1305 1379 1427 1436 addito

371 1461 398 1520 ll
409 1481 439 1542 p·
453 1458 535 1542 184]
571 1462 617 1523 lle
631 1459 709 1518 luitis
724 1459 866 1537 religioni·
915 1467 945 1520 et
961 1461 1105 1520 immutato
1124 1461 1311 1540 Aegyptiorum
1333 1466 1423 1522 arti-

370 1548 423 1608 bus
437 1555 533 1608 suetos
547 1555 589 1608 est
606 1544 724 1605 Diodes.
744 1545 827 1604 Sieul.
840 1544 864 1620 l,
913 1543 984 1606 udo.
1026 1545 1139 1608 Deinde
1159 1567 1248 1608 omnes
1264 1553 1417 1624 quotquot

371 1634 486 1708 85‚ubi
501 1652 602 1692 nomen
618 1631 691 1690 urbis
705 1631 770 1691 inde
783 1651 864 1708 repe·
914 1631 1004 1690 adhue
1022 1631 1202 1693 innotuerunt
1225 1631 1406 1709 etymologias

370 1719 423 1793 tit,
442 1719 518 1797 quod
532 1719 584 1778 lsis
596 1718 624 1776 iu
638 1717 710 1776 bove
723 1716 864 1776 Osiridem
914 1716 1040 1792 elevans,
1061 1717 1115 1778 huc
1133 1739 1189 1778 une
1204 1720 1234 1778 in
1255 1737 1287 1778 re
1305 1717 1406 1795 Zuisgs

329 1869 332 1874 Δ
371 1803 528 1884 sepelivisse
542 1806 638 1864 fertur.
653 1803 864 1879 Grseeemety-
913 1803 1076 1862 sententium
1093 1809 1121 1864 et
1141 1805 1202 1883 ipse
1218 1804 1360 1882 sequtus,
1379 1811 1415 1862 nt

370 1890 517 1968 nologium
529 1890 648 1950 uminis
666 1879 827 1969 Βούσιρις,
846 1907 864 1946 u
913 1887 1083 1948 Graecorum
1096 1891 1244 1963 rationem,
1264 1909 1323 1967 qus
1339 1891 1418 1950 bove

371 1973 446 2055 βοῦς
461 1981 491 2034 et
502 1969 621 2054 ’Ὄσιρις
635 1975 762 2047 ductam,
776 1974 863 2032 fusius
913 1973 1036 2051 sepsdtus
1070 1975 1158 2034 Osiris
1201 1975 1265 2034 urbi
1307 1995 1417 2036 nom

371 2059 491 2140 explicet
502 2061 662 2140 Stephsnus
675 2059 745 2134 Byz.
758 2059 788 2118 iu
800 2077 861 2117 voe.
883 2089 886 2098 .
912 2057 1062 2132 indiderit,
1088 2061 1235 2120 absurdum
1259 2079 1325 2120 esse
1344 2081 1419 2141 pre-

367 2165 398 2226 p.
415 2145 479 2212 210
494 2145 605 2206 Beslrel.
643 2144 790 2214 Quenus
803 2163 863 2204 uon
911 2144 1027 2205 nuntiet
1041 2148 1062 2182 ‘⁴
1113 2146 1271 2206 Cmuserus
1306 2146 1417 2208 utun

367 2249 515 2290 moremur.
543 2231 602 2290 lem
619 2229 863 2307 zoegsdeoue·
909 2232 1128 2309 1²⁰8·111¹²‘l·
1149 2233 1178 2290 in
1193 2239 1266 2292 note
1279 2229 1333 2292 isos
1359 2233 1419 2292 sd·

368 2313 574 2396 liseupfflss,
594 2313 862 2395 postsequumhueu
910 2315 1192 2392 &assedissem
1221 2318 1319 2378 urben
1338 2337 1416 2378 esu-

368 2399 431 2479 ipsu
442 2400 556 2475 ¹attigit,
578 2402 618 2460 ite
630 2401 736 2478 pergit:
757 2399 861 2474 „„So-
911 2401 980 2462 dem
1002 2421 1063 2462 usse
1089 2409 1174 2479 utque
1196 2401 1360 2485 Tuplsssirin
1381 2411 1414 2464 et

368 2485 444 2545 brier
453 2485 614 2546 Herodotus
628 2486 657 2543 id
674 2492 780 2544 nutum
794 2505 861 2564 pru-
911 2486 1065 2566 sepulerum
1073 2489 1195 2550 Osiridis
1212 2489 1267 2548 hoc
1279 2486 1339 2566 ipsu
1352 2505 1413 2548 no-

367 2570 425 2644 dit,
447 2570 476 2630 in
488 2573 580 2632 Busiri
599 2572 705 2649 oppido
723 2571 751 2628 in
767 2571 859 2630 medio
910 2574 986 2632 mine
1008 2572 1141 2632 dedareri
1165 2576 1254 2634 trudit
1270 2573 1407 2632 Eudoxus

364 2652 450 2713 Delta
467 2658 520 2716 sito
542 2656 689 2716 maximum
706 2657 792 2715 tuisse
816 2658 860 2715 ts·
910 2677 956 2738 ep.
978 2657 1115 2717 Plutarch.
1134 2661 1172 2719 de
1194 2659 1226 2718 ls.
1248 2665 1276 2718 et
1291 2657 1403 2718 Osirid.

364 2757 432 2798 num
448 2741 544 2815 leidis,
558 2747 643 2818 utque
658 2743 688 2802 in
708 2741 800 2800 annui
813 2755 860 2801 ce-·
908 2765 938 2824 p.
952 2744 1014 2807 359
1037 2763 1060 2802 s.
1083 2743 1147 2810 tte
1162 2745 1265 2821 tht,
1285 2761 1342 2820 que
1363 2745 1405 2804 de

363 2821 543 2886 lebrituteibi
557 2827 687 2886 obeunda
701 2827 859 2887 universum
906 2848 938 2887 re
965 2827 1076 2906 plurimi
1102 2830 1183 2890 aliter
1207 2831 1408 2890 iudieevermt.

363 2909 498 2990 populum
543 2912 684 2973 Osiridem
722 2912 859 2990 plangere
908 2915 991 2973 cent.
1012 2915 1101 2990 Zuig.
1125 2917 1163 2975 de
1181 2915 1265 2976 obeli·
1286 2935 1317 2994 p-
1330 2917 1408 2982 289.

364 2998 597 3058 eonsuevisse““
626 2997 753 3072 Deinde,
770 2997 858 3058 inter·
906 2999 1122 3078 Distinguuntur
1139 3007 1239 3060 nutem
1255 2999 1346 3081 plsnes
1359 3021 1411 3060 ur-

363 3082 463 3162 positis
478 3083 547 3144 lueis
561 3084 731 3144 Herodoteis
753 3084 794 3157 ll,
814 3085 855 3150 59
906 3086 974 3160 bes,
996 3085 1131 3162 qsuelsoe
1151 3089 1267 3147 numine
1281 3088 1407 3146 veniunt.

364 3174 395 3228 et
416 3171 479 3244 61,
506 3167 617 3248 Coptici
645 3170 779 3230 sennonis
801 3188 856 3247 ope
905 3169 1406 3251 vid.ctumpott.l.1.11psg.268.

362 3254 483 3312 nominis
505 3257 639 3316 rationem
660 3255 740 3314 aliter
767 3253 854 3332 expli·
905 3259 983 3328 267,
1010 3255 1059 3331 qui
1096 3255 1246 3336 Tupuusin'
1270 3259 1407 3332 seriptum

363 3357 429 3397 enus
449 3340 559 3398 ductum
580 3342 727 3400 arbitretur
747 3360 780 3400 ex
799 3338 855 3398 Be-
905 3360 966 3401 esse
979 3340 1014 3398 sb
1026 3339 1177 3423 Aegyptiis
1194 3345 1284 3412 ducet,
1305 3347 1336 3398 et
1351 3361 1408 3400 us·-

364 3423 476 3498 Ousin',
505 3427 582 3503 quod
613 3427 650 3485 sit
675 3426 794 3484 Osiridis
813 3445 854 3484 se-
903 3426 958 3484 iuu
995 3425 1106 3488 osiride·
1127 3443 1254 3508 proprian
1287 3423 1408 3502 signifi-

349 3505 501 3584 'pulcluuus
524 3510 595 3586 (vid.
615 3511 758 3571 iablonsk.
781 3531 854 3570 voce
902 3511 997 3571 esre-‘⁸

360 3589 538 3672 Aegypti-p·
552 3595 619 3672 54).
648 3596 777 3655 Turnsic
791 3616 855 3674 per·
946 3594 1009 3659 desi
1038 3595 1170 3678 μέγιστον
1187 3587 1280 3665 Ἴσως
1304 3589 1402 3678 ἱρόν]

360 3675 415 3751 git:
439 3721 458 3751 „
466 3721 485 3751 „
493 3679 578 3746 Quod
593 3701 655 3740 cum
671 3700 756 3758 preve
774 3681 856 3741 intel·
902 3681 1047 3761 „Templi
1066 3683 1157 3753 Isidis,
1177 3681 1255 3754 quod
1276 3679 1349 3742 olim
1371 3684 1402 3742 in

360 3758 490 3820 lexissent
507 3763 626 3837 Graeci,
647 3765 683 3822 nd
706 3785 783 3826 suum
802 3766 856 3825 lin·
903 3769 973 3828 urbe
988 3769 1125 3838 Busidde,
1145 3770 1255 3824 restant
1269 3767 1404 3844 splendi-

359 3865 442 3922 guam
458 3849 638 3924 respicientes
664 3850 805 3910 Osirideru
825 3853 854 3910 in
904 3855 1033 3914 dissimne
1053 3852 1157 3922 minae,
1179 3849 1400 3926 elegantissimis

345 3931 431 3990 -buve
441 3931 577 4010 sepultum
590 3933 774 3996 finxenrnt.““
789 3934 854 4002 Qua
904 3940 1000 4016 optimi
1013 3935 1149 3997 marmoris
1164 3935 1316 4010 columnis,
1338 3937 1400 3996 cul-

358 4015 388 4074 in
408 4035 490 4076 ceusu
510 4016 641 4079 haetenus
666 4042 726 4081 eum
754 4020 854 4100 Zuiga
902 4025 939 4082 tis
952 4025 1086 4084 hominum
1100 4020 1314 4097 animaliumque
1324 4023 1402 4100 figu-

357 4102 424 4160 iecit
445 4101 647 4182 Chnmpulliou.
669 4107 812 4186 (l'Egypt.
828 4127 850 4166 s.
901 4109 940 4167 ris
954 4129 988 4168 ac
1001 4107 1081 4170 literis
1101 4105 1317 4185 lieroglyphiris
1330 4129 1399 4186 spe-

357 4185 375 4244 l.
390 4185 469 4266 phar.
489 4186 514 4246 ll
534 4209 563 4266 p.
580 4195 641 4258 185
663 4195 776 4270 seqq.),
798 4193 851 4251 etsi
902 4194 1035 4268 stabiles,
1055 4193 1210 4272 descriptae
1224 4211 1287 4250 erun
1300 4213 1366 4252 errrs
1377 4213 1398 4252 n

357 4271 386 4328 iu
400 4269 564 4350 explicando
575 4277 851 4356 nominelongissime
900 4279 1037 4353 Siesrdo,
1059 4279 1165 4339 unisse
1184 4297 1220 4338 ex
1234 4277 1395 4338 lesuitsnrnr

357 4357 394 4416 nb
423 4375 457 4415 eu
479 4362 591 4421 recedit
621 4362 713 4422 ‘Nam
739 4381 801 4422 cum
821 4363 850 4423 in
900 4363 1006 4422 semilis
1023 4365 1251 4442 peregrinatone,
1271 4363 1299 4422 in
1317 4364 1394 4424 novis

357 4442 512 4506 llosettenu
529 4445 710 4530 inscriptione
729 4448 850 4510 Osiridis
898 4465 1014 4512 mensor.
1031 4447 1207 4528 lugedunum
1220 4449 1278 4511 eius
1289 4449 1328 4510 sd
1340 4449 1395 4508 osi-
