3008 5186
370 479 439 545 ΠΙ
666 473 1030 540 ΗΕΒΟΒΟΤΙ

431 639 493 701 ἔνθ’
511 641 742 716 Ἀγαμεμνονίδην
761 640 868 715 serlus
883 643 1019 717 pultona
1036 639 1104 700 αίο·
1128 672 1135 687 ·

428 730 481 788 τὸν
497 730 533 790 sd
551 729 769 804 κομισσάμενος,
790 729 891 804 Τογίηο
907 728 1102 804 ἐπιτάρροθος
1122 729 1197 802 trop.

345 833 423 916 αὩς
444 833 488 926 δὲ,
500 837 558 908 ναί
578 842 683 908 ταῦτα
702 835 854 927 ἤκουσαν
875 835 909 904 οἱ
927 831 1201 928 Λακεδαιμόνιοι,
1224 829 1329 901 ἅπεῖ-
1377 867 1421 930 33
1501 931 1502 934 Ἴ

367 979 429 1042 γον
453 959 511 1045 ιῆς
541 956 723 1046 ἐξευρέσιος
750 951 852 1026 ου’θὲν
872 955 1030 1038 ἔλασσον,
1059 951 1168 1024 πάντα
1190 953 1370 1042 θιζὴμε-εο

366 1092 438 1143 νον·
460 1076 494 1156 ἐς
514 1067 557 1146 οὗ
578 1075 619 1164 δὴ
639 1079 760 1168 Λίχης,
780 1083 850 1146 τῶν
871 1073 1091 1165 ἀγαθοεργῶν
1111 1073 1324 1160 καλεομένων

345 1195 622 1286 elaborandus,
656 1193 785 1286 ἀνεῦρε.
828 1199 864 1268 oi
885 1195 921 1269 di
940 1194 1141 1286 ἀγαθοεργοὶ
1168 1193 1233 1263 slei
1251 1197 1319 1263 sois

324 1375 532 1394 mun—-

322 1509 384 1616 coll
402 1508 535 1589 Antigon.
555 1509 619 1617 1'34
638 1519 667 1574 et
681 1513 743 1580 590
757 1509 820 1587 (ubi
868 1511 1039 1591 Stephanum
1051 1509 1120 1587 Βγι.
1138 1507 1155 1569 l.
1170 1507 1190 1568 b
1205 1495 1297 1569 exstet
1313 1511 1370 1570 Τε-

322 1594 820 1757 tttttttltttf‘tffttjtt
869 1592 1371 1764 ⁷³22c2-23302rulugts

370 1765 478 1848 Τεγέης
502 1762 704 1849 ἐπιτάρροθος
727 1765 817 1850 ἔσσῃ]
869 1762 922 1834 δίο
942 1767 1084 1844 ἔλασσον,
1117 1759 1218 1828 πάντα
1245 1757 1370 1842 διζήμε-

322 1848 541 1934 ἕποταρροθος,
577 1859 610 1912 ut
641 1851 819 1935 ἐπίρροθος,
867 1855 928 1927 νον]
958 1854 978 1912 i.
995 1874 1020 1914 e.
1045 1851 1154 1929 „ailulo
1181 1853 1268 1928 megia
1288 1868 1369 1928 repe—

320 1943 466 2018 poetarum
491 1939 668 2018 potissimum
695 1945 739 1999 est
770 1937 818 1996 ubi
867 1942 921 1999 rire
944 1943 1088 2018 potuerunt
1116 1941 1205 1997 omniu
1242 1938 1371 2013 γνοοιοίο

321 2023 486 2104 explicatur:
513 2024 629 2086 adiutor.
666 2023 752 2093 Quod
774 2029 818 2082 ta·
867 2025 1042 2104 disquirentes
1050 2027 1069 2056 “
1091 2043 1114 2080 s.
1133 2021 1296 2081 adverbum
1304 2041 1368 2080 ma·

320 2129 385 2170 rnen
407 2110 471 2169 huic
494 2108 555 2169 loeo
587 2129 645 2170 non
671 2108 818 2169 convenire
868 2113 928 2190 gis:
949 2106 1259 2186 ,‚abinoeats'onsm'lilo
1273 2111 1366 2184 arogis

320 2214 403 2256 nano
421 2213 480 2253 non
499 2194 590 2271 videt,
611 2197 640 2254 iu
659 2213 714 2270 quo
730 2196 816 2252 aisto-
865 2195 992 2269 aberant,
1014 2195 1105 2255 omnia
1121 2197 1244 2272 ραοποίν
1258 2191 1363 2270 dispui-

319 2299 374 2340 rem
399 2277 482 2354 vsdgo
504 2279 632 2340 reddunt.
672 2277 727 2336 Est
739 2277 815 2338 enirn
866 2283 980 2340 reater.“
1000 2282 1137 2340 Videntur
1152 2279 1257 2358 priores
1276 2278 1368 2338 inter·

271 2421 272 2426 ,
318 2363 428 2424 mediae
442 2363 650 2441 significationis
663 2361 768 2438 vocula,
784 2367 816 2420 ut
864 2372 959 2446 pretss
974 2385 1033 2424 non
1047 2365 1118 2424 setis·
1128 2361 1308 2425 rectelocum
1321 2364 1368 2422 in·

319 2447 431 2508 rerbtun
438 2448 551 2528 ipsum,
570 2447 646 2507 uude
667 2449 815 2508 deductum
864 2449 1010 2512 tellexisse.

319 2537 364 2594 est
389 2530 583 2616 ἐπιρροθεῐν,
628 2534 706 2611 quod
730 2551 815 2611 quum
908 2534 940 2610 ἒς
959 2526 998 2599 nal
1018 2531 1058 2618 dol
1073 2534 1169 2616 Δίκης
1188 2565 1219 2578 ·-
1238 2525 1359 2611 diceps]

318 2619 431 2678 omnino
450 2620 503 2680 sit:
530 2636 589 2676 cum
607 2623 719 2698 strepitu
740 2635 816 2678 ucce-
864 2619 897 2697 ἐς
913 2613 951 2684 οὗ
963 2621 1059 2702 dorse,
1078 2621 1142 2682 dom
1158 2621 1223 2698 (pro
1236 2616 1288 2692 ἕως
1302 2608 1362 2694 οὗ)

322 2703 392 2779 dere,
412 2723 471 2763 uon
484 2703 574 2763 minus
586 2703 623 2765 de
636 2707 815 2782 amicoquam
863 2709 999 2790 probatur
1014 2707 1152 2768 constanti
1173 2703 1269 2765 Nostri
1291 2703 1366 2762 scri-

318 2790 356 2851 de
378 2789 459 2848 hoste
485 2789 665 2869 sdstrepente
685 2787 738 2849 dici
751 2795 816 2869 pot·
864 2793 954 2875 ptoris
974 2813 1043 2867 usn3
1064 2793 1137 2852 oont'.
1154 2791 1211 2865 lll,
1233 2793 1284 2856 81.
1304 2789 1366 2864 lv,

268 2913 271 2921 ·
316 2876 378 2936 erit.
410 2873 474 2934 Hoc
496 2873 556 2934 loco
584 2877 620 2936 de
639 2875 721 2936 hoste
741 2875 812 2935 acei-
865 2877 915 2946 12
937 2881 1008 2944 160.
1023 2881 1103 2946 166.
1127 2877 1163 2951 V,
1184 2877 1235 2942 51.
1250 2876 1293 2941 86
1308 2881 1364 2934 etc.

316 2957 395 3040 pias,
438 2958 475 3019 ed
501 2959 629 3038 Tegeam
664 2961 813 3021 accedente
863 2963 949 3024 Unde
957 2962 1023 3022 nitril
1036 2961 1247 3036 sollicitandum,
1263 2979 1364 3038 quam-

203 3079 209 3092 ·
317 3063 434 3124 eamque
462 3045 569 3126 impetu
592 3063 644 3104 sno
679 3047 812 3107 obruente
863 3069 947 3127 qnam
971 3047 1051 3108 aliter
1064 3051 1160 3110 crebro
1180 3047 1315 3126 reperitur
1328 3044 1365 3118 ἒς

316 3129 335 3189 ἰ.
354 3149 379 3191 e.
399 3137 558 3210 superante.
587 3129 642 3190 Est
659 3129 735 3191 locus
756 3127 812 3190 Ae
863 3129 981 3211 ilidque
992 3135 1085 3214 ipsum
1103 3154 1155 3212 pro
1171 3130 1227 3205 ἕως
1240 3123 1278 3194 orl
1291 3133 1365 3210 poni

316 3213 402 3296 schyli
425 3217 454 3276 in
476 3217 508 3277 S.
531 3239 555 3277 c.
577 3215 633 3278 Tb.
665 3217 746 3291 864,
764 3217 813 3276 ubi
863 3220 899 3280 ab
915 3219 1026 3278 lenibus
1045 3225 1140 3279 monet
1153 3219 1273 3296 Gregor.
1290 3217 1363 3278 Cor.

315 3299 426 3361 Chorus
451 3309 547 3381 sperat
568 3309 685 3362 mortem
707 3301 811 3361 adven·
863 3305 900 3364 de
927 3304 992 3364 dial.
1014 3303 1074 3363 lou.
1096 3302 1125 3385 §.
1147 3307 1199 3378 63,
1223 3303 1271 3362 ubi
1300 3303 1362 3362 vid.

314 3393 423 3461 terram,
461 3382 661 3468 παγκλαύτων
696 3378 813 3468 ἆίγίοον
861 3389 953 3450 Koen.
979 3411 1008 3470 p.
1032 3388 1097 3456 472
1125 3389 1235 3451 Schaef·
1256 3386 1359 3448 Mnfflt

315 3468 555 3548 ἐπίρροθον,
597 3491 670 3550 quae
709 3471 812 3534 scilicet
861 3471 891 3558 S·
915 3475 996 3548 578,
1024 3493 1041 3535 e
1069 3493 1135 3556 pag.
1163 3474 1256 3542 1146.
1299 3473 1360 3532 Sed

314 3556 393 3614 malis
412 3553 524 3628 liberet;
543 3557 591 3616 ubi
608 3555 811 3634 Blornlieldius‚
859 3561 1055 3639 quaesiverunt
1101 3560 1244 3636 nonnulli,
1291 3575 1359 3618 num

209 3691 212 3698 .
314 3639 358 3700 cui
372 3639 469 3698 rnen'to
478 3641 616 3720 displicuit
626 3641 811 3719 vulgarisod·
860 3646 972 3706 omnino
988 3647 1064 3726 apud
1075 3645 1251 3705 Herodotum
1265 3647 1360 3706 semn-

307 3729 421 3816 p'utries's
438 3727 620 3804 significatio,
647 3747 731 3806 quarn
749 3727 812 3788 huic
860 3733 926 3792 dum
939 3723 1079 3806 οἰίέςοῦ,
1101 3733 1194 3809 utqui
1208 3731 1362 3794 aliassem·
1426 3765 1430 3775 ·

314 3810 374 3871 voci
385 3810 526 3886 tribuunt,
547 3811 650 3872 mavult
659 3813 810 3894 explicare:
853 3835 911 3898 -per
924 3817 1065 3896 scripserit
1083 3813 1113 3888 ίς
1128 3810 1162 3892 3,
1185 3817 1262 3894 qnod
1281 3817 1362 3878 idem

317 3895 465 3973 „obturata
486 3897 561 3958 velut
580 3901 683 3976 aqua.“
725 3899 808 3958 Conf.
859 3901 966 3980 aliquot
988 3903 1055 3962 locis
1080 3901 1143 3960 libri
1162 3903 1258 3982 scripti
1284 3922 1360 3960 non-

314 3982 432 4042 eundem
447 3983 641 4046 adrs.7ibid.
654 3983 810 4062 Nequeve·
858 3987 926 4046 nulli
946 3989 1123 4047 substituunt.
1145 3986 1229 4047 Cous.
1254 3987 1356 4046 Struve

313 4085 346 4125 ro
361 4067 647 4146 istainterpretatione
660 4087 732 4148 opus
748 4070 809 4144 erit,
856 4071 974 4142 ¹Quaest
992 4073 1100 4132 Herod.
1122 4073 1241 4152 Specin.
1256 4091 1284 4150 p·
1298 4069 1354 4135 48.

313 4151 338 4210 si
359 4155 434 4214 vocis
456 4152 598 4214 notionem
616 4157 690 4215 bene
712 4175 809 4234 perce-
858 4155 961 4217 -De
978 4158 1160 4236 Agotloergts
1182 4157 1241 4218 loco
1255 4153 1357 4214 classi-

312 4239 396 4318 peris.
417 4236 479 4300 Nee
501 4239 584 4300 etiem
601 4241 631 4300 in
645 4239 808 4301 Herodoteo
858 4263 908 4318 ro,
930 4241 978 4320 qui
999 4245 1192 4322 subsequitur,
1211 4241 1284 4304 adde
1303 4261 1358 4304 ve·

313 4323 374 4384 loco
389 4325 539 4402 quidquam
556 4327 735 4401 mumdum,
761 4327 808 4386 ubi
856 4333 948 4390 terum
978 4330 1214 4406 grmnanmmm
1243 4327 1359 4406 glossas

312 4409 441 4488 Schwgh.
461 4412 550 4490 tnagis
569 4411 661 4492 placet
680 4410 809 4499 Τςγέγς
857 4414 934 4493 apud
969 4415 1114 4475 'l'irnaeum
1157 4417 1247 4493 (Lex.
1281 4414 1356 4476 Plau

313 4494 342 4554 in
355 4497 458 4574 dativo,
478 4499 642 4578 praesertim
656 4519 717 4562 urm
732 4499 808 4582 apud
856 4518 887 4582 p.
899 4497 935 4569 1ο
949 4493 1150 4584 οἲγαθοεργοί·
1163 4499 1279 4583 αίρποί
1291 4495 1358 4565 κατ’
