<?xml version="1.0" encoding="UTF-8"?>
<!DOCTYPE html PUBLIC "-//W3C//DTD XHTML 1.0 Transitional//EN"
    "http://www.w3.org/TR/xhtml1/DTD/xhtml1-transitional.dtd">
<html xmlns="http://www.w3.org/1999/xhtml" xml:lang="en" lang="en">
 <head>
  <title>
</title>
<meta http-equiv="Content-Type" content="text/html;charset=utf-8" />
  <meta name='ocr-system' content='tesseract 3.04.00' />
  <meta name='ocr-capabilities' content='ocr_page ocr_carea ocr_par ocr_line ocrx_word'/>
</head>
<body>
  <div class='ocr_page' id='page_1' title='image "./herodotimusae00herogoog_0420.png"; bbox 0 0 2982 5170; ppageno 0'>
   <div class='ocr_carea' id='block_1_1' title="bbox 334 419 1327 716">
    <p class='ocr_par' dir='ltr' id='par_1_1' title="bbox 334 419 1327 716">
     <span class='ocr_line' id='line_1_1' title="bbox 376 419 1036 498; baseline -0.005 -12"><span class='ocrx_word' id='word_1_1' title='bbox 376 429 466 498; x_wconf 68' lang='lat' dir='ltr'><strong>uns-</strong></span> <span class='ocrx_word' id='word_1_2' title='bbox 681 419 1036 487; x_wconf 82' lang='lat' dir='ltr'><strong>uuuonorr</strong></span> 
     </span>
     <span class='ocr_line' id='line_1_2' title="bbox 334 578 1327 716; baseline -0.004 -38"><span class='ocrx_word' id='word_1_3' title='bbox 334 711 337 716; x_wconf 22' lang='grc' dir='ltr'>Ι</span> <span class='ocrx_word' id='word_1_4' title='bbox 382 588 547 678; x_wconf 64' lang='lat' dir='ltr'><strong>arduom</strong></span> <span class='ocrx_word' id='word_1_5' title='bbox 564 587 742 680; x_wconf 62' lang='lat' dir='ltr'><strong>amrin,</strong></span> <span class='ocrx_word' id='word_1_6' title='bbox 767 586 959 680; x_wconf 64' lang='grc' dir='ltr'><strong>ιῆοὕνοιια</strong></span> <span class='ocrx_word' id='word_1_7' title='bbox 977 578 1026 679; x_wconf 80' lang='lat' dir='ltr'><strong>i·</strong></span> <span class='ocrx_word' id='word_1_8' title='bbox 1043 586 1240 676; x_wconf 60' lang='lat' dir='ltr'><strong>aaron·</strong></span> <span class='ocrx_word' id='word_1_9' title='bbox 1272 581 1327 654; x_wconf 64' lang='lat' dir='ltr'><strong>‚a</strong></span> 
     </span>
    </p>
   </div>
   <div class='ocr_carea' id='block_1_2' title="bbox 316 845 1387 2630">
    <p class='ocr_par' dir='ltr' id='par_1_2' title="bbox 339 845 1384 1696">
     <span class='ocr_line' id='line_1_3' title="bbox 343 845 1376 930; baseline -0.005 -18"><span class='ocrx_word' id='word_1_10' title='bbox 343 869 399 930; x_wconf 85' lang='lat' dir='ltr'><strong>que</strong></span> <span class='ocrx_word' id='word_1_11' title='bbox 422 849 548 912; x_wconf 81' lang='lat' dir='ltr'><strong>Ctesiam</strong></span> <span class='ocrx_word' id='word_1_12' title='bbox 569 855 647 914; x_wconf 74' lang='lat' dir='ltr'><strong>ase</strong></span> <span class='ocrx_word' id='word_1_13' title='bbox 668 867 832 914; x_wconf 66' lang='lat' dir='ltr'><strong>eonsensum</strong></span> <span class='ocrx_word' id='word_1_14' title='bbox 879 849 944 926; x_wconf 80' lang='lat' dir='ltr'><strong>teis,</strong></span> <span class='ocrx_word' id='word_1_15' title='bbox 965 847 1113 930; x_wconf 84' lang='lat' dir='ltr'><strong>sedptiori</strong></span> <span class='ocrx_word' id='word_1_16' title='bbox 1131 845 1195 923; x_wconf 80' lang='lat' dir='ltr'><strong>tlt,</strong></span> <span class='ocrx_word' id='word_1_17' title='bbox 1214 867 1270 928; x_wconf 85' lang='lat' dir='ltr'><strong>per</strong></span> <span class='ocrx_word' id='word_1_18' title='bbox 1288 853 1376 909; x_wconf 81' lang='lat' dir='ltr'><strong>totam</strong></span> 
     </span>
     <span class='ocr_line' id='line_1_4' title="bbox 343 933 1379 1017; baseline -0.002 -21"><span class='ocrx_word' id='word_1_19' title='bbox 343 935 407 1011; x_wconf 82' lang='lat' dir='ltr'><strong>Sia,</strong></span> <span class='ocrx_word' id='word_1_20' title='bbox 434 934 475 996; x_wconf 87' lang='lat' dir='ltr'><strong>uti</strong></span> <span class='ocrx_word' id='word_1_21' title='bbox 490 935 545 998; x_wconf 89' lang='lat' dir='ltr'><strong>boo</strong></span> <span class='ocrx_word' id='word_1_22' title='bbox 563 942 643 1014; x_wconf 85' lang='lat' dir='ltr'><strong>utar,</strong></span> <span class='ocrx_word' id='word_1_23' title='bbox 667 956 721 1017; x_wconf 90' lang='lat' dir='ltr'><strong>pro</strong></span> <span class='ocrx_word' id='word_1_24' title='bbox 744 933 833 1000; x_wconf 73' lang='grc' dir='ltr'><strong><em>πέντε</em></strong></span> <span class='ocrx_word' id='word_1_25' title='bbox 880 937 941 998; x_wconf 69' lang='lat' dir='ltr'><strong>sce</strong></span> <span class='ocrx_word' id='word_1_26' title='bbox 955 933 1051 996; x_wconf 77' lang='lat' dir='ltr'><strong>mam</strong></span> <span class='ocrx_word' id='word_1_27' title='bbox 1071 953 1145 1013; x_wconf 85' lang='lat' dir='ltr'><strong>qnae</strong></span> <span class='ocrx_word' id='word_1_28' title='bbox 1162 933 1307 994; x_wconf 76' lang='lat' dir='ltr'><strong>oeldorata</strong></span> <span class='ocrx_word' id='word_1_29' title='bbox 1320 935 1379 1010; x_wconf 87' lang='lat' dir='ltr'><strong>est)</strong></span> 
     </span>
     <span class='ocr_line' id='line_1_5' title="bbox 343 1019 1380 1102; baseline -0.004 -20"><span class='ocrx_word' id='word_1_30' title='bbox 343 1019 480 1100; x_wconf 88' lang='lat' dir='ltr'><strong>loseplms</strong></span> <span class='ocrx_word' id='word_1_31' title='bbox 515 1020 639 1100; x_wconf 81' lang='lat' dir='ltr'><strong>Soaliger</strong></span> <span class='ocrx_word' id='word_1_32' title='bbox 670 1023 833 1102; x_wconf 76' lang='lat' dir='ltr'><strong>rescriptum</strong></span> <span class='ocrx_word' id='word_1_33' title='bbox 881 1027 993 1101; x_wconf 85' lang='lat' dir='ltr'><strong>praeter</strong></span> <span class='ocrx_word' id='word_1_34' title='bbox 1017 1019 1170 1082; x_wconf 87' lang='lat' dir='ltr'><strong>Diodorum</strong></span> <span class='ocrx_word' id='word_1_35' title='bbox 1204 1019 1251 1080; x_wconf 86' lang='lat' dir='ltr'><strong>vel</strong></span> <span class='ocrx_word' id='word_1_36' title='bbox 1273 1019 1380 1098; x_wconf 76' lang='lat' dir='ltr'><strong>poam</strong></span> 
     </span>
     <span class='ocr_line' id='line_1_6' title="bbox 345 1100 1381 1187; baseline -0.004 -19"><span class='ocrx_word' id='word_1_37' title='bbox 345 1104 435 1168; x_wconf 82' lang='lat' dir='ltr'><strong>voluit</strong></span> <span class='ocrx_word' id='word_1_38' title='bbox 461 1100 665 1187; x_wconf 70' lang='grc' dir='ltr'><strong>πεντήκοντα,</strong></span> <span class='ocrx_word' id='word_1_39' title='bbox 707 1107 835 1185; x_wconf 75' lang='lat' dir='ltr'><strong>Vitringa</strong></span> <span class='ocrx_word' id='word_1_40' title='bbox 882 1106 1006 1167; x_wconf 81' lang='lat' dir='ltr'><strong>Clesiam</strong></span> <span class='ocrx_word' id='word_1_41' title='bbox 1020 1105 1048 1164; x_wconf 83' lang='lat' dir='ltr'><strong>b.</strong></span> <span class='ocrx_word' id='word_1_42' title='bbox 1061 1103 1079 1163; x_wconf 91' lang='lat' dir='ltr'><strong>l.</strong></span> <span class='ocrx_word' id='word_1_43' title='bbox 1101 1103 1308 1165; x_wconf 75' lang='lat' dir='ltr'><strong>consemsseuk.</strong></span> <span class='ocrx_word' id='word_1_44' title='bbox 1331 1104 1381 1164; x_wconf 88' lang='lat' dir='ltr'><strong>ll.</strong></span> 
     </span>
     <span class='ocr_line' id='line_1_7' title="bbox 345 1184 1384 1272; baseline -0.003 -18"><span class='ocrx_word' id='word_1_45' title='bbox 345 1186 506 1254; x_wconf 71' lang='lat' dir='ltr'><strong>omine</strong></span> <span class='ocrx_word' id='word_1_46' title='bbox 518 1184 599 1270; x_wconf 81' lang='lat' dir='ltr'><strong>(se&#39;);</strong></span> <span class='ocrx_word' id='word_1_47' title='bbox 619 1211 676 1270; x_wconf 93' lang='lat' dir='ltr'><strong>quo</strong></span> <span class='ocrx_word' id='word_1_48' title='bbox 688 1198 787 1254; x_wconf 82' lang='lat' dir='ltr'><strong>nesslro</strong></span> <span class='ocrx_word' id='word_1_49' title='bbox 802 1212 835 1251; x_wconf 93' lang='lat' dir='ltr'><strong>o·</strong></span> <span class='ocrx_word' id='word_1_50' title='bbox 883 1210 950 1272; x_wconf 76' lang='lat' dir='ltr'><strong>pag.</strong></span> <span class='ocrx_word' id='word_1_51' title='bbox 965 1194 1028 1257; x_wconf 81' lang='lat'><strong>192</strong></span> <span class='ocrx_word' id='word_1_52' title='bbox 1040 1208 1103 1268; x_wconf 76' lang='lat' dir='ltr'><strong>sqq.</strong></span> <span class='ocrx_word' id='word_1_53' title='bbox 1124 1189 1317 1250; x_wconf 86' lang='lat' dir='ltr'><strong>Herodoteam</strong></span> <span class='ocrx_word' id='word_1_54' title='bbox 1328 1191 1384 1251; x_wconf 84' lang='lat' dir='ltr'><strong>Se·</strong></span> 
     </span>
     <span class='ocr_line' id='line_1_8' title="bbox 345 1274 1384 1359; baseline -0.003 -23"><span class='ocrx_word' id='word_1_55' title='bbox 345 1295 401 1359; x_wconf 90' lang='lat' dir='ltr'><strong>pus</strong></span> <span class='ocrx_word' id='word_1_56' title='bbox 414 1295 478 1338; x_wconf 85' lang='lat' dir='ltr'><strong>essa</strong></span> <span class='ocrx_word' id='word_1_57' title='bbox 494 1277 549 1338; x_wconf 86' lang='lat' dir='ltr'><strong>iam</strong></span> <span class='ocrx_word' id='word_1_58' title='bbox 564 1277 670 1338; x_wconf 89' lang='lat' dir='ltr'><strong>dudum</strong></span> <span class='ocrx_word' id='word_1_59' title='bbox 692 1277 759 1338; x_wconf 90' lang='lat' dir='ltr'><strong>mibi</strong></span> <span class='ocrx_word' id='word_1_60' title='bbox 770 1295 836 1356; x_wconf 89' lang='lat' dir='ltr'><strong>per·</strong></span> <span class='ocrx_word' id='word_1_61' title='bbox 883 1276 1055 1336; x_wconf 89' lang='lat' dir='ltr'><strong>miramidem</strong></span> <span class='ocrx_word' id='word_1_62' title='bbox 1067 1274 1223 1335; x_wconf 78' lang='lat' dir='ltr'><strong>Laraherus</strong></span> <span class='ocrx_word' id='word_1_63' title='bbox 1234 1275 1318 1354; x_wconf 91' lang='lat' dir='ltr'><strong>ponit</strong></span> <span class='ocrx_word' id='word_1_64' title='bbox 1330 1295 1384 1334; x_wconf 86' lang='lat' dir='ltr'><strong>an.</strong></span> 
     </span>
     <span class='ocr_line' id='line_1_9' title="bbox 339 1359 1384 1440; baseline -0.001 -19"><span class='ocrx_word' id='word_1_65' title='bbox 339 1361 655 1440; x_wconf 20' lang='lat' dir='ltr'><strong>&#39;mewa-stinguo.</strong></span> <span class='ocrx_word' id='word_1_66' title='bbox 694 1359 770 1423; x_wconf 89' lang='lat' dir='ltr'><strong>Nam</strong></span> <span class='ocrx_word' id='word_1_67' title='bbox 784 1380 837 1422; x_wconf 87' lang='lat' dir='ltr'><strong>neo</strong></span> <span class='ocrx_word' id='word_1_68' title='bbox 884 1380 921 1420; x_wconf 91' lang='lat' dir='ltr'><strong>no</strong></span> <span class='ocrx_word' id='word_1_69' title='bbox 934 1365 999 1427; x_wconf 78' lang='grc'><strong>746</strong></span> <span class='ocrx_word' id='word_1_70' title='bbox 1022 1379 1049 1419; x_wconf 86' lang='lat' dir='ltr'><strong>a.</strong></span> <span class='ocrx_word' id='word_1_71' title='bbox 1074 1359 1140 1420; x_wconf 91' lang='lat' dir='ltr'><strong>Cbr.</strong></span> <span class='ocrx_word' id='word_1_72' title='bbox 1163 1377 1202 1436; x_wconf 65' lang='lat' dir='ltr'><strong>n„</strong></span> <span class='ocrx_word' id='word_1_73' title='bbox 1221 1359 1247 1417; x_wconf 91' lang='lat' dir='ltr'><strong>si</strong></span> <span class='ocrx_word' id='word_1_74' title='bbox 1265 1360 1384 1438; x_wconf 85' lang='lat' dir='ltr'><strong>quidem</strong></span> 
     </span>
     <span class='ocr_line' id='line_1_10' title="bbox 347 1445 1381 1524; baseline -0.008 -14"><span class='ocrx_word' id='word_1_75' title='bbox 347 1445 432 1521; x_wconf 78' lang='lat' dir='ltr'><strong>Nm,</strong></span> <span class='ocrx_word' id='word_1_76' title='bbox 460 1465 513 1508; x_wconf 82' lang='lat' dir='ltr'><strong>neo</strong></span> <span class='ocrx_word' id='word_1_77' title='bbox 528 1445 736 1521; x_wconf 68' lang='lat' dir='ltr'><strong>Samiramidis,</strong></span> <span class='ocrx_word' id='word_1_78' title='bbox 763 1465 836 1524; x_wconf 88' lang='lat' dir='ltr'><strong>quae</strong></span> <span class='ocrx_word' id='word_1_79' title='bbox 883 1445 1007 1507; x_wconf 69' lang='lat' dir='ltr'><strong>lutona</strong></span> <span class='ocrx_word' id='word_1_80' title='bbox 1023 1445 1127 1504; x_wconf 87' lang='lat' dir='ltr'><strong>incidat</strong></span> <span class='ocrx_word' id='word_1_81' title='bbox 1144 1445 1174 1503; x_wconf 89' lang='lat' dir='ltr'><strong>in</strong></span> <span class='ocrx_word' id='word_1_82' title='bbox 1194 1463 1293 1503; x_wconf 78' lang='lat' dir='ltr'><strong>annm</strong></span> <span class='ocrx_word' id='word_1_83' title='bbox 1310 1449 1381 1511; x_wconf 80' lang='lat'><strong>620</strong></span> 
     </span>
     <span class='ocr_line' id='line_1_11' title="bbox 349 1527 1379 1609; baseline 0.002 -17"><span class='ocrx_word' id='word_1_84' title='bbox 349 1531 500 1592; x_wconf 73' lang='lat' dir='ltr'><strong>diminuit</strong></span> <span class='ocrx_word' id='word_1_85' title='bbox 509 1550 587 1607; x_wconf 85' lang='lat' dir='ltr'><strong>uxor,</strong></span> <span class='ocrx_word' id='word_1_86' title='bbox 604 1551 733 1609; x_wconf 86' lang='lat' dir='ltr'><strong>quaeque</strong></span> <span class='ocrx_word' id='word_1_87' title='bbox 742 1531 837 1608; x_wconf 65' lang='lat' dir='ltr'><strong>Baby·</strong></span> <span class='ocrx_word' id='word_1_88' title='bbox 884 1549 911 1592; x_wconf 84' lang='lat' dir='ltr'><strong>a.</strong></span> <span class='ocrx_word' id='word_1_89' title='bbox 925 1531 1007 1605; x_wconf 69' lang='lat' dir='ltr'><strong>(ilarq</strong></span> <span class='ocrx_word' id='word_1_90' title='bbox 1025 1531 1063 1590; x_wconf 89' lang='lat' dir='ltr'><strong>de</strong></span> <span class='ocrx_word' id='word_1_91' title='bbox 1073 1549 1131 1608; x_wconf 87' lang='lat' dir='ltr'><strong>quo</strong></span> <span class='ocrx_word' id='word_1_92' title='bbox 1146 1530 1205 1591; x_wconf 80' lang='lat' dir='ltr'><strong>vid.</strong></span> <span class='ocrx_word' id='word_1_93' title='bbox 1220 1527 1297 1604; x_wconf 84' lang='lat' dir='ltr'><strong>adl,</strong></span> <span class='ocrx_word' id='word_1_94' title='bbox 1312 1529 1379 1596; x_wconf 82' lang='lat'><strong>186</strong></span> 
     </span>
     <span class='ocr_line' id='line_1_12' title="bbox 348 1615 944 1696; baseline -0.002 -19"><span class='ocrx_word' id='word_1_95' title='bbox 348 1616 440 1677; x_wconf 88' lang='lat' dir='ltr'><strong>ionem</strong></span> <span class='ocrx_word' id='word_1_96' title='bbox 465 1617 643 1693; x_wconf 80' lang='lat' dir='ltr'><strong>exstmsxerit,</strong></span> <span class='ocrx_word' id='word_1_97' title='bbox 679 1615 735 1676; x_wconf 92' lang='lat' dir='ltr'><strong>ulla</strong></span> <span class='ocrx_word' id='word_1_98' title='bbox 760 1615 836 1696; x_wconf 87' lang='lat' dir='ltr'><strong>opud</strong></span> <span class='ocrx_word' id='word_1_99' title='bbox 884 1617 944 1677; x_wconf 89' lang='lat' dir='ltr'><strong>init.</strong></span> 
     </span>
    </p>

    <p class='ocr_par' dir='ltr' id='par_1_3' title="bbox 316 1697 1387 2630">
     <span class='ocr_line' id='line_1_13' title="bbox 349 1697 1380 1779; baseline -0.006 -15"><span class='ocrx_word' id='word_1_100' title='bbox 349 1701 484 1764; x_wconf 89' lang='lat' dir='ltr'><strong>Nostrum</strong></span> <span class='ocrx_word' id='word_1_101' title='bbox 502 1702 622 1776; x_wconf 85' lang='lat' dir='ltr'><strong>montio,</strong></span> <span class='ocrx_word' id='word_1_102' title='bbox 651 1700 700 1779; x_wconf 92' lang='lat' dir='ltr'><strong>qui</strong></span> <span class='ocrx_word' id='word_1_103' title='bbox 715 1701 768 1761; x_wconf 86' lang='lat' dir='ltr'><strong>boe</strong></span> <span class='ocrx_word' id='word_1_104' title='bbox 780 1719 836 1760; x_wconf 90' lang='lat' dir='ltr'><strong>uno</strong></span> <span class='ocrx_word' id='word_1_105' title='bbox 932 1700 991 1760; x_wconf 89' lang='lat' dir='ltr'><strong>lam</strong></span> <span class='ocrx_word' id='word_1_106' title='bbox 1023 1699 1099 1778; x_wconf 89' lang='lat' dir='ltr'><strong>quod</strong></span> <span class='ocrx_word' id='word_1_107' title='bbox 1125 1699 1163 1758; x_wconf 83' lang='lat' dir='ltr'><strong>ad</strong></span> <span class='ocrx_word' id='word_1_108' title='bbox 1190 1697 1380 1760; x_wconf 82' lang='lat' dir='ltr'><strong>Semiramidis</strong></span> 
     </span>
     <span class='ocr_line' id='line_1_14' title="bbox 350 1785 1382 1868; baseline -0.005 -20"><span class='ocrx_word' id='word_1_109' title='bbox 350 1785 413 1848; x_wconf 88' lang='lat' dir='ltr'><strong>looo</strong></span> <span class='ocrx_word' id='word_1_110' title='bbox 448 1803 531 1846; x_wconf 90' lang='lat' dir='ltr'><strong>unam</strong></span> <span class='ocrx_word' id='word_1_111' title='bbox 557 1805 619 1848; x_wconf 89' lang='lat' dir='ltr'><strong>eam</strong></span> <span class='ocrx_word' id='word_1_112' title='bbox 645 1791 842 1846; x_wconf 72' lang='lat' dir='ltr'><strong>commemorat</strong></span> <span class='ocrx_word' id='word_1_113' title='bbox 886 1805 974 1868; x_wconf 88' lang='lat' dir='ltr'><strong>opera</strong></span> <span class='ocrx_word' id='word_1_114' title='bbox 988 1787 1102 1859; x_wconf 86' lang='lat' dir='ltr'><strong>attinet,</strong></span> <span class='ocrx_word' id='word_1_115' title='bbox 1124 1803 1209 1863; x_wconf 88' lang='lat' dir='ltr'><strong>supra</strong></span> <span class='ocrx_word' id='word_1_116' title='bbox 1223 1785 1279 1843; x_wconf 89' lang='lat' dir='ltr'><strong>iam</strong></span> <span class='ocrx_word' id='word_1_117' title='bbox 1290 1803 1382 1844; x_wconf 79' lang='lat' dir='ltr'><strong>mmo·</strong></span> 
     </span>
     <span class='ocr_line' id='line_1_15' title="bbox 350 1868 1385 1950; baseline -0.005 -17"><span class='ocrx_word' id='word_1_118' title='bbox 350 1870 574 1948; x_wconf 75' lang='lat' dir='ltr'><strong>Smiramidun,</strong></span> <span class='ocrx_word' id='word_1_119' title='bbox 616 1891 688 1949; x_wconf 89' lang='lat' dir='ltr'><strong>quae</strong></span> <span class='ocrx_word' id='word_1_120' title='bbox 718 1871 842 1950; x_wconf 89' lang='lat' dir='ltr'><strong>quinque</strong></span> <span class='ocrx_word' id='word_1_121' title='bbox 889 1871 954 1946; x_wconf 86' lang='lat' dir='ltr'><strong>tari,</strong></span> <span class='ocrx_word' id='word_1_122' title='bbox 973 1889 1148 1950; x_wconf 84' lang='lat' dir='ltr'><strong>peromnem</strong></span> <span class='ocrx_word' id='word_1_123' title='bbox 1162 1868 1385 1929; x_wconf 74' lang='lat' dir='ltr'><strong>smebsiamsu-</strong></span> 
     </span>
     <span class='ocr_line' id='line_1_16' title="bbox 352 1955 1386 2038; baseline -0.004 -20"><span class='ocrx_word' id='word_1_124' title='bbox 352 1957 574 2036; x_wconf 63' lang='lat' dir='ltr'><strong>morationibus</strong></span> <span class='ocrx_word' id='word_1_125' title='bbox 587 1963 652 2016; x_wconf 88' lang='lat' dir='ltr'><strong>aute</strong></span> <span class='ocrx_word' id='word_1_126' title='bbox 668 1955 751 2016; x_wconf 85' lang='lat' dir='ltr'><strong>aliam</strong></span> <span class='ocrx_word' id='word_1_127' title='bbox 768 1957 843 2032; x_wconf 77' lang='lat' dir='ltr'><strong>regi·</strong></span> <span class='ocrx_word' id='word_1_128' title='bbox 890 1957 1026 2038; x_wconf 82' lang='lat' dir='ltr'><strong>peu-iorem</strong></span> <span class='ocrx_word' id='word_1_129' title='bbox 1037 1973 1144 2014; x_wconf 92' lang='lat' dir='ltr'><strong>summa</strong></span> <span class='ocrx_word' id='word_1_130' title='bbox 1160 1973 1290 2031; x_wconf 90' lang='lat' dir='ltr'><strong>quaeque</strong></span> <span class='ocrx_word' id='word_1_131' title='bbox 1309 1956 1386 2016; x_wconf 89' lang='lat' dir='ltr'><strong>eius-</strong></span> 
     </span>
     <span class='ocr_line' id='line_1_17' title="bbox 352 2038 1385 2116; baseline -0.005 -13"><span class='ocrx_word' id='word_1_132' title='bbox 352 2061 400 2104; x_wconf 86' lang='lat' dir='ltr'><strong>am</strong></span> <span class='ocrx_word' id='word_1_133' title='bbox 412 2041 541 2101; x_wconf 79' lang='lat' dir='ltr'><strong>seminam</strong></span> <span class='ocrx_word' id='word_1_134' title='bbox 551 2039 676 2102; x_wconf 81' lang='lat' dir='ltr'><strong>Nrtoem‘n</strong></span> <span class='ocrx_word' id='word_1_135' title='bbox 688 2041 795 2115; x_wconf 81' lang='lat' dir='ltr'><strong>vixerit,</strong></span> <span class='ocrx_word' id='word_1_136' title='bbox 814 2045 844 2100; x_wconf 84' lang='lat' dir='ltr'><strong>et</strong></span> <span class='ocrx_word' id='word_1_137' title='bbox 892 2044 956 2102; x_wconf 88' lang='lat' dir='ltr'><strong>dem</strong></span> <span class='ocrx_word' id='word_1_138' title='bbox 967 2041 1077 2101; x_wconf 89' lang='lat' dir='ltr'><strong>nomine</strong></span> <span class='ocrx_word' id='word_1_139' title='bbox 1091 2038 1222 2100; x_wconf 88' lang='lat' dir='ltr'><strong>oelebrari</strong></span> <span class='ocrx_word' id='word_1_140' title='bbox 1236 2040 1320 2116; x_wconf 89' lang='lat' dir='ltr'><strong>eique</strong></span> <span class='ocrx_word' id='word_1_141' title='bbox 1333 2041 1385 2098; x_wconf 89' lang='lat' dir='ltr'><strong>ad-</strong></span> 
     </span>
     <span class='ocr_line' id='line_1_18' title="bbox 352 2123 1385 2204; baseline -0.004 -16"><span class='ocrx_word' id='word_1_142' title='bbox 352 2124 567 2202; x_wconf 76' lang='lat' dir='ltr'><strong>Babylonionuu</strong></span> <span class='ocrx_word' id='word_1_143' title='bbox 580 2126 640 2200; x_wconf 78' lang='lat' dir='ltr'><strong>regi</strong></span> <span class='ocrx_word' id='word_1_144' title='bbox 647 2126 783 2204; x_wconf 82' lang='lat' dir='ltr'><strong>uniqumn,</strong></span> <span class='ocrx_word' id='word_1_145' title='bbox 796 2145 844 2185; x_wconf 83' lang='lat' dir='ltr'><strong>cu·</strong></span> <span class='ocrx_word' id='word_1_146' title='bbox 892 2127 983 2186; x_wconf 82' lang='lat' dir='ltr'><strong>scribi.</strong></span> <span class='ocrx_word' id='word_1_147' title='bbox 1009 2126 1058 2186; x_wconf 83' lang='lat' dir='ltr'><strong>Sic</strong></span> <span class='ocrx_word' id='word_1_148' title='bbox 1071 2125 1107 2184; x_wconf 89' lang='lat' dir='ltr'><strong>de</strong></span> <span class='ocrx_word' id='word_1_149' title='bbox 1120 2123 1251 2201; x_wconf 85' lang='lat' dir='ltr'><strong>operibus</strong></span> <span class='ocrx_word' id='word_1_150' title='bbox 1268 2126 1385 2203; x_wconf 89' lang='lat' dir='ltr'><strong>quibus-</strong></span> 
     </span>
     <span class='ocr_line' id='line_1_19' title="bbox 352 2207 1387 2286; baseline -0.001 -15"><span class='ocrx_word' id='word_1_151' title='bbox 352 2211 396 2271; x_wconf 90' lang='lat' dir='ltr'><strong>ius</strong></span> <span class='ocrx_word' id='word_1_152' title='bbox 408 2229 511 2271; x_wconf 89' lang='lat' dir='ltr'><strong>nomen</strong></span> <span class='ocrx_word' id='word_1_153' title='bbox 523 2215 597 2270; x_wconf 87' lang='lat' dir='ltr'><strong>taeet</strong></span> <span class='ocrx_word' id='word_1_154' title='bbox 609 2210 780 2286; x_wconf 76' lang='lat' dir='ltr'><strong>Herodotum,</strong></span> <span class='ocrx_word' id='word_1_155' title='bbox 792 2229 844 2270; x_wconf 90' lang='lat' dir='ltr'><strong>nu-</strong></span> <span class='ocrx_word' id='word_1_156' title='bbox 892 2212 958 2272; x_wconf 85' lang='lat' dir='ltr'><strong>dam</strong></span> <span class='ocrx_word' id='word_1_157' title='bbox 972 2209 1159 2272; x_wconf 73' lang='lat' dir='ltr'><strong>Semiramidis</strong></span> <span class='ocrx_word' id='word_1_158' title='bbox 1173 2209 1203 2267; x_wconf 89' lang='lat' dir='ltr'><strong>in</strong></span> <span class='ocrx_word' id='word_1_159' title='bbox 1217 2207 1317 2269; x_wconf 77' lang='lat' dir='ltr'><strong>Media</strong></span> <span class='ocrx_word' id='word_1_160' title='bbox 1326 2229 1387 2270; x_wconf 89' lang='lat' dir='ltr'><strong>ma·</strong></span> 
     </span>
     <span class='ocr_line' id='line_1_20' title="bbox 350 2293 1386 2376; baseline -0.002 -22"><span class='ocrx_word' id='word_1_161' title='bbox 350 2299 403 2376; x_wconf 86' lang='lat' dir='ltr'><strong>pla</strong></span> <span class='ocrx_word' id='word_1_162' title='bbox 425 2295 512 2356; x_wconf 81' lang='lat' dir='ltr'><strong>videri</strong></span> <span class='ocrx_word' id='word_1_163' title='bbox 529 2299 622 2373; x_wconf 85' lang='lat' dir='ltr'><strong>queat.</strong></span> <span class='ocrx_word' id='word_1_164' title='bbox 660 2294 756 2354; x_wconf 86' lang='lat' dir='ltr'><strong>Plures</strong></span> <span class='ocrx_word' id='word_1_165' title='bbox 769 2296 844 2356; x_wconf 88' lang='lat' dir='ltr'><strong>euim</strong></span> <span class='ocrx_word' id='word_1_166' title='bbox 893 2315 951 2373; x_wconf 79' lang='lat' dir='ltr'><strong>gua</strong></span> <span class='ocrx_word' id='word_1_167' title='bbox 971 2294 1091 2373; x_wconf 88' lang='lat' dir='ltr'><strong>loquitur</strong></span> <span class='ocrx_word' id='word_1_168' title='bbox 1110 2293 1253 2354; x_wconf 76' lang='lat' dir='ltr'><strong>Diodoro</strong></span> <span class='ocrx_word' id='word_1_169' title='bbox 1276 2294 1322 2369; x_wconf 91' lang='lat' dir='ltr'><strong>ll,</strong></span> <span class='ocrx_word' id='word_1_170' title='bbox 1346 2297 1386 2360; x_wconf 80' lang='lat'><strong>18</strong></span> 
     </span>
     <span class='ocr_line' id='line_1_21' title="bbox 353 2379 1387 2460; baseline 0 -20"><span class='ocrx_word' id='word_1_171' title='bbox 353 2379 434 2440; x_wconf 88' lang='lat' dir='ltr'><strong>buius</strong></span> <span class='ocrx_word' id='word_1_172' title='bbox 454 2379 573 2439; x_wconf 88' lang='lat' dir='ltr'><strong>nominis</strong></span> <span class='ocrx_word' id='word_1_173' title='bbox 593 2379 705 2456; x_wconf 78' lang='lat' dir='ltr'><strong>reginas</strong></span> <span class='ocrx_word' id='word_1_174' title='bbox 725 2379 790 2440; x_wconf 92' lang='lat' dir='ltr'><strong>olim</strong></span> <span class='ocrx_word' id='word_1_175' title='bbox 813 2381 844 2440; x_wconf 88' lang='lat' dir='ltr'><strong>iu</strong></span> <span class='ocrx_word' id='word_1_176' title='bbox 892 2381 960 2459; x_wconf 87' lang='lat' dir='ltr'><strong>ibiq.</strong></span> <span class='ocrx_word' id='word_1_177' title='bbox 979 2379 1147 2456; x_wconf 77' lang='lat' dir='ltr'><strong>wesseling.</strong></span> <span class='ocrx_word' id='word_1_178' title='bbox 1176 2385 1205 2438; x_wconf 87' lang='lat' dir='ltr'><strong>et</strong></span> <span class='ocrx_word' id='word_1_179' title='bbox 1220 2379 1387 2460; x_wconf 78' lang='lat' dir='ltr'><strong>Gangrapb.</strong></span> 
     </span>
     <span class='ocr_line' id='line_1_22' title="bbox 316 2462 1386 2540; baseline 0 -16"><span class='ocrx_word' id='word_1_180' title='bbox 316 2493 321 2505; x_wconf 93' lang='lat'><strong>·</strong></span> <span class='ocrx_word' id='word_1_181' title='bbox 354 2462 422 2524; x_wconf 78' lang='lat' dir='ltr'><strong>Asia</strong></span> <span class='ocrx_word' id='word_1_182' title='bbox 435 2465 522 2523; x_wconf 79' lang='lat' dir='ltr'><strong>luisse</strong></span> <span class='ocrx_word' id='word_1_183' title='bbox 542 2468 572 2524; x_wconf 89' lang='lat' dir='ltr'><strong>et</strong></span> <span class='ocrx_word' id='word_1_184' title='bbox 589 2463 621 2523; x_wconf 89' lang='lat' dir='ltr'><strong>in</strong></span> <span class='ocrx_word' id='word_1_185' title='bbox 637 2465 758 2524; x_wconf 81' lang='lat' dir='ltr'><strong>historiis</strong></span> <span class='ocrx_word' id='word_1_186' title='bbox 772 2484 844 2524; x_wconf 85' lang='lat' dir='ltr'><strong>uuu-</strong></span> <span class='ocrx_word' id='word_1_187' title='bbox 892 2467 990 2526; x_wconf 92' lang='lat' dir='ltr'><strong>minor.</strong></span> <span class='ocrx_word' id='word_1_188' title='bbox 1017 2464 1097 2540; x_wconf 83' lang='lat' dir='ltr'><strong>ll‚6</strong></span> <span class='ocrx_word' id='word_1_189' title='bbox 1127 2465 1170 2525; x_wconf 82' lang='lat' dir='ltr'><strong>ed</strong></span> <span class='ocrx_word' id='word_1_190' title='bbox 1190 2463 1322 2524; x_wconf 82' lang='lat' dir='ltr'><strong>Hudson</strong></span> <span class='ocrx_word' id='word_1_191' title='bbox 1356 2471 1386 2524; x_wconf 85' lang='lat' dir='ltr'><strong>et</strong></span> 
     </span>
     <span class='ocr_line' id='line_1_23' title="bbox 354 2547 1387 2630; baseline -0.001 -21"><span class='ocrx_word' id='word_1_192' title='bbox 354 2548 463 2630; x_wconf 84' lang='lat' dir='ltr'><strong>oupari,</strong></span> <span class='ocrx_word' id='word_1_193' title='bbox 490 2547 527 2609; x_wconf 90' lang='lat' dir='ltr'><strong>ad</strong></span> <span class='ocrx_word' id='word_1_194' title='bbox 550 2547 705 2610; x_wconf 79' lang='lat' dir='ltr'><strong>fabularum</strong></span> <span class='ocrx_word' id='word_1_195' title='bbox 721 2551 843 2610; x_wconf 88' lang='lat' dir='ltr'><strong>rationes</strong></span> <span class='ocrx_word' id='word_1_196' title='bbox 893 2570 966 2630; x_wconf 89' lang='lat' dir='ltr'><strong>quae</strong></span> <span class='ocrx_word' id='word_1_197' title='bbox 991 2549 1045 2610; x_wconf 92' lang='lat' dir='ltr'><strong>alia</strong></span> <span class='ocrx_word' id='word_1_198' title='bbox 1064 2569 1099 2611; x_wconf 81' lang='lat' dir='ltr'><strong>eu</strong></span> <span class='ocrx_word' id='word_1_199' title='bbox 1122 2549 1298 2610; x_wconf 70' lang='lat' dir='ltr'><strong>orientalibus</strong></span> <span class='ocrx_word' id='word_1_200' title='bbox 1315 2549 1387 2608; x_wconf 83' lang='lat' dir='ltr'><strong>seri-</strong></span> 
     </span>
    </p>
   </div>
   <div class='ocr_carea' id='block_1_3' title="bbox 354 2633 1386 2779">
    <p class='ocr_par' dir='ltr' id='par_1_4' title="bbox 354 2633 1386 2779">
     <span class='ocr_line' id='line_1_24' title="bbox 354 2633 1386 2779; baseline 0.001 -86"><span class='ocrx_word' id='word_1_201' title='bbox 354 2652 428 2712; x_wconf 84' lang='lat' dir='ltr'><strong>quae</strong></span> <span class='ocrx_word' id='word_1_202' title='bbox 442 2633 586 2692; x_wconf 77' lang='lat' dir='ltr'><strong>traductae</strong></span> <span class='ocrx_word' id='word_1_203' title='bbox 592 2642 640 2693; x_wconf 87' lang='lat' dir='ltr'><strong>aut</strong></span> <span class='ocrx_word' id='word_1_204' title='bbox 648 2635 748 2712; x_wconf 88' lang='lat' dir='ltr'><strong>quibus</strong></span> <span class='ocrx_word' id='word_1_205' title='bbox 758 2633 843 2702; x_wconf 87' lang='lat' dir='ltr'><strong>multa</strong></span> <span class='ocrx_word' id='word_1_206' title='bbox 892 2635 1018 2716; x_wconf 82' lang='lat' dir='ltr'><strong>pluribus</strong></span> <span class='ocrx_word' id='word_1_207' title='bbox 1023 2634 1246 2779; x_wconf 58' lang='lat' dir='ltr'><strong>prosertlloeok.</strong></span> <span class='ocrx_word' id='word_1_208' title='bbox 1261 2636 1386 2694; x_wconf 84' lang='lat' dir='ltr'><strong>inveter.</strong></span> 
     </span>
    </p>
   </div>
   <div class='ocr_carea' id='block_1_4' title="bbox 340 2715 1393 4501">
    <p class='ocr_par' dir='ltr' id='par_1_5' title="bbox 340 2715 1393 4501">
     <span class='ocr_line' id='line_1_25' title="bbox 355 2715 1385 2800; baseline 0.007 -22"><span class='ocrx_word' id='word_1_209' title='bbox 355 2715 482 2778; x_wconf 74' lang='lat' dir='ltr'><strong>fabulosa</strong></span> <span class='ocrx_word' id='word_1_210' title='bbox 496 2718 619 2776; x_wconf 71' lang='lat' dir='ltr'><strong>admima</strong></span> <span class='ocrx_word' id='word_1_211' title='bbox 629 2721 745 2796; x_wconf 80' lang='lat' dir='ltr'><strong>fuerint,</strong></span> <span class='ocrx_word' id='word_1_212' title='bbox 760 2739 843 2780; x_wconf 86' lang='lat' dir='ltr'><strong>nemo</strong></span> <span class='ocrx_word' id='word_1_213' title='bbox 892 2720 1010 2782; x_wconf 71' lang='lat' dir='ltr'><strong>mouet</strong></span> <span class='ocrx_word' id='word_1_214' title='bbox 1047 2740 1100 2780; x_wconf 87' lang='lat' dir='ltr'><strong>ers.</strong></span> <span class='ocrx_word' id='word_1_215' title='bbox 1110 2720 1385 2800; x_wconf 77' lang='lat' dir='ltr'><strong>monumenbp.115</strong></span> 
     </span>
     <span class='ocr_line' id='line_1_26' title="bbox 352 2802 1388 2967; baseline 0.002 -21"><span class='ocrx_word' id='word_1_216' title='bbox 352 2802 503 2946; x_wconf 56' lang='lat'><strong>&amp;32:332</strong></span> <span class='ocrx_word' id='word_1_217' title='bbox 529 2803 651 2967; x_wconf 56' lang='lat' dir='ltr'><strong>llll</strong></span> <span class='ocrx_word' id='word_1_218' title='bbox 671 2805 845 2950; x_wconf 50' lang='lat' dir='ltr'><strong>lollii*</strong></span> <span class='ocrx_word' id='word_1_219' title='bbox 892 2806 1024 2952; x_wconf 63' lang='lat' dir='ltr'><strong>:fild</strong></span> <span class='ocrx_word' id='word_1_220' title='bbox 1038 2805 1388 2964; x_wconf 55' lang='grc' dir='ltr'><strong>ἪἪἭ,</strong></span> 
     </span>
     <span class='ocr_line' id='line_1_27' title="bbox 356 2910 1388 3056; baseline 0.005 -26"><span class='ocrx_word' id='word_1_221' title='bbox 356 2989 429 3052; x_wconf 88' lang='lat' dir='ltr'><strong>quae</strong></span> <span class='ocrx_word' id='word_1_222' title='bbox 439 2990 492 3050; x_wconf 91' lang='lat' dir='ltr'><strong>pro</strong></span> <span class='ocrx_word' id='word_1_223' title='bbox 512 2978 668 3052; x_wconf 85' lang='lat' dir='ltr'><strong>temporum</strong></span> <span class='ocrx_word' id='word_1_224' title='bbox 680 2976 788 3036; x_wconf 89' lang='lat' dir='ltr'><strong>ratione</strong></span> <span class='ocrx_word' id='word_1_225' title='bbox 800 2933 845 3033; x_wconf 63' lang='lat' dir='ltr'><strong>di3</strong></span> <span class='ocrx_word' id='word_1_226' title='bbox 894 2975 1110 3055; x_wconf 80' lang='lat' dir='ltr'><strong>aquaeductibus</strong></span> <span class='ocrx_word' id='word_1_227' title='bbox 1130 2910 1388 3056; x_wconf 45' lang='lat' dir='ltr'><strong>prnggliipugeprslrope</strong></span> 
     </span>
     <span class='ocr_line' id='line_1_28' title="bbox 355 3057 1388 3134; baseline 0 -16"><span class='ocrx_word' id='word_1_228' title='bbox 355 3057 463 3134; x_wconf 76' lang='lat' dir='ltr'><strong>stingui</strong></span> <span class='ocrx_word' id='word_1_229' title='bbox 485 3057 620 3134; x_wconf 78' lang='lat' dir='ltr'><strong>ddseaot,</strong></span> <span class='ocrx_word' id='word_1_230' title='bbox 650 3061 782 3120; x_wconf 80' lang='lat' dir='ltr'><strong>conlundi</strong></span> <span class='ocrx_word' id='word_1_231' title='bbox 802 3060 846 3119; x_wconf 89' lang='lat' dir='ltr'><strong>in-</strong></span> <span class='ocrx_word' id='word_1_232' title='bbox 894 3061 1036 3122; x_wconf 81' lang='lat' dir='ltr'><strong>Erbatana</strong></span> <span class='ocrx_word' id='word_1_233' title='bbox 1065 3061 1139 3124; x_wconf 87' lang='lat' dir='ltr'><strong>idem</strong></span> <span class='ocrx_word' id='word_1_234' title='bbox 1165 3061 1305 3121; x_wconf 87' lang='lat' dir='ltr'><strong>Diodorus</strong></span> <span class='ocrx_word' id='word_1_235' title='bbox 1325 3061 1345 3120; x_wconf 84' lang='lat' dir='ltr'><strong>l.</strong></span> <span class='ocrx_word' id='word_1_236' title='bbox 1368 3059 1388 3118; x_wconf 92' lang='lat' dir='ltr'><strong>l.</strong></span> 
     </span>
     <span class='ocr_line' id='line_1_29' title="bbox 357 3145 1390 3226; baseline 0.003 -23"><span class='ocrx_word' id='word_1_237' title='bbox 357 3147 402 3203; x_wconf 83' lang='lat' dir='ltr'><strong>lar</strong></span> <span class='ocrx_word' id='word_1_238' title='bbox 416 3161 469 3218; x_wconf 84' lang='lat' dir='ltr'><strong>se,</strong></span> <span class='ocrx_word' id='word_1_239' title='bbox 489 3149 585 3204; x_wconf 85' lang='lat' dir='ltr'><strong>nolum</strong></span> <span class='ocrx_word' id='word_1_240' title='bbox 594 3149 646 3204; x_wconf 89' lang='lat' dir='ltr'><strong>est.</strong></span> <span class='ocrx_word' id='word_1_241' title='bbox 668 3145 847 3226; x_wconf 81' lang='lat' dir='ltr'><strong>Quapropter</strong></span> <span class='ocrx_word' id='word_1_242' title='bbox 895 3148 1016 3224; x_wconf 80' lang='lat' dir='ltr'><strong>itemque</strong></span> <span class='ocrx_word' id='word_1_243' title='bbox 1034 3146 1071 3206; x_wconf 89' lang='lat' dir='ltr'><strong>de</strong></span> <span class='ocrx_word' id='word_1_244' title='bbox 1084 3145 1229 3206; x_wconf 80' lang='lat' dir='ltr'><strong>ruderibus</strong></span> <span class='ocrx_word' id='word_1_245' title='bbox 1250 3145 1390 3226; x_wconf 83' lang='lat' dir='ltr'><strong>hodieque</strong></span> 
     </span>
     <span class='ocr_line' id='line_1_30' title="bbox 357 3227 1389 3310; baseline 0.002 -22"><span class='ocrx_word' id='word_1_246' title='bbox 357 3227 447 3288; x_wconf 79' lang='lat' dir='ltr'><strong>vimus</strong></span> <span class='ocrx_word' id='word_1_247' title='bbox 470 3229 583 3290; x_wconf 82' lang='lat' dir='ltr'><strong>doctum</strong></span> <span class='ocrx_word' id='word_1_248' title='bbox 606 3229 706 3304; x_wconf 89' lang='lat' dir='ltr'><strong>miror,</strong></span> <span class='ocrx_word' id='word_1_249' title='bbox 744 3231 791 3308; x_wconf 90' lang='lat' dir='ltr'><strong>qui</strong></span> <span class='ocrx_word' id='word_1_250' title='bbox 816 3230 847 3290; x_wconf 81' lang='lat' dir='ltr'><strong>in</strong></span> <span class='ocrx_word' id='word_1_251' title='bbox 896 3231 1171 3292; x_wconf 81' lang='lat' dir='ltr'><strong>ihilooorumobriis</strong></span> <span class='ocrx_word' id='word_1_252' title='bbox 1184 3251 1271 3310; x_wconf 89' lang='lat' dir='ltr'><strong>prope</strong></span> <span class='ocrx_word' id='word_1_253' title='bbox 1289 3231 1389 3290; x_wconf 73' lang='lat' dir='ltr'><strong>urban</strong></span> 
     </span>
     <span class='ocr_line' id='line_1_31' title="bbox 357 3311 1389 3390; baseline 0 -16"><span class='ocrx_word' id='word_1_254' title='bbox 357 3311 532 3374; x_wconf 81' lang='lat' dir='ltr'><strong>Ileohereltes</strong></span> <span class='ocrx_word' id='word_1_255' title='bbox 551 3315 692 3376; x_wconf 82' lang='lat' dir='ltr'><strong>nouvelles</strong></span> <span class='ocrx_word' id='word_1_256' title='bbox 703 3334 752 3374; x_wconf 92' lang='lat' dir='ltr'><strong>snr</strong></span> <span class='ocrx_word' id='word_1_257' title='bbox 765 3315 848 3376; x_wconf 85' lang='lat' dir='ltr'><strong>l’hist.</strong></span> <span class='ocrx_word' id='word_1_258' title='bbox 896 3316 1062 3390; x_wconf 84' lang='lat' dir='ltr'><strong>Hamadan,</strong></span> <span class='ocrx_word' id='word_1_259' title='bbox 1081 3317 1137 3378; x_wconf 80' lang='lat' dir='ltr'><strong>vid</strong></span> <span class='ocrx_word' id='word_1_260' title='bbox 1156 3317 1310 3376; x_wconf 74' lang='lat' dir='ltr'><strong>Hoeukium</strong></span> <span class='ocrx_word' id='word_1_261' title='bbox 1331 3317 1351 3376; x_wconf 84' lang='lat' dir='ltr'><strong>l.</strong></span> <span class='ocrx_word' id='word_1_262' title='bbox 1370 3315 1389 3374; x_wconf 88' lang='lat' dir='ltr'><strong>l</strong></span> 
     </span>
     <span class='ocr_line' id='line_1_32' title="bbox 358 3396 1389 3483; baseline 0.003 -26"><span class='ocrx_word' id='word_1_263' title='bbox 358 3415 420 3457; x_wconf 82' lang='lat' dir='ltr'><strong>ano.</strong></span> <span class='ocrx_word' id='word_1_264' title='bbox 441 3396 516 3456; x_wconf 77' lang='lat' dir='ltr'><strong>tlll</strong></span> <span class='ocrx_word' id='word_1_265' title='bbox 536 3417 597 3477; x_wconf 83' lang='lat' dir='ltr'><strong>cap.</strong></span> <span class='ocrx_word' id='word_1_266' title='bbox 609 3399 649 3458; x_wconf 91' lang='lat' dir='ltr'><strong>Vl</strong></span> <span class='ocrx_word' id='word_1_267' title='bbox 669 3417 734 3478; x_wconf 79' lang='lat' dir='ltr'><strong>pag.</strong></span> <span class='ocrx_word' id='word_1_268' title='bbox 751 3401 793 3465; x_wconf 82' lang='grc'><strong>86</strong></span> <span class='ocrx_word' id='word_1_269' title='bbox 803 3420 847 3479; x_wconf 92' lang='lat' dir='ltr'><strong>sq.</strong></span> <span class='ocrx_word' id='word_1_270' title='bbox 896 3421 963 3483; x_wconf 81' lang='lat' dir='ltr'><strong>pag.</strong></span> <span class='ocrx_word' id='word_1_271' title='bbox 981 3401 1042 3468; x_wconf 84' lang='lat'><strong>165</strong></span> <span class='ocrx_word' id='word_1_272' title='bbox 1058 3423 1119 3480; x_wconf 78' lang='lat' dir='ltr'><strong>seq.</strong></span> <span class='ocrx_word' id='word_1_273' title='bbox 1147 3400 1208 3461; x_wconf 78' lang='lat' dir='ltr'><strong>dtis</strong></span> <span class='ocrx_word' id='word_1_274' title='bbox 1223 3401 1286 3460; x_wconf 89' lang='lat' dir='ltr'><strong>eius</strong></span> <span class='ocrx_word' id='word_1_275' title='bbox 1302 3419 1389 3480; x_wconf 89' lang='lat' dir='ltr'><strong>opera</strong></span> 
     </span>
     <span class='ocr_line' id='line_1_33' title="bbox 358 3481 1388 3560; baseline 0.006 -21"><span class='ocrx_word' id='word_1_276' title='bbox 358 3497 442 3539; x_wconf 85' lang='lat' dir='ltr'><strong>uuam</strong></span> <span class='ocrx_word' id='word_1_277' title='bbox 456 3481 721 3560; x_wconf 74' lang='lat' dir='ltr'><strong>eandemqueluisse</strong></span> <span class='ocrx_word' id='word_1_278' title='bbox 734 3491 849 3544; x_wconf 85' lang='lat' dir='ltr'><strong>oontem-</strong></span> <span class='ocrx_word' id='word_1_279' title='bbox 897 3489 928 3548; x_wconf 87' lang='lat' dir='ltr'><strong>iu</strong></span> <span class='ocrx_word' id='word_1_280' title='bbox 949 3486 1080 3547; x_wconf 75' lang='lat' dir='ltr'><strong>Armenia</strong></span> <span class='ocrx_word' id='word_1_281' title='bbox 1102 3493 1289 3548; x_wconf 85' lang='lat' dir='ltr'><strong>memorantur</strong></span> <span class='ocrx_word' id='word_1_282' title='bbox 1306 3485 1388 3547; x_wconf 83' lang='lat' dir='ltr'><strong>emti·</strong></span> 
     </span>
     <span class='ocr_line' id='line_1_34' title="bbox 359 3563 1389 3652; baseline 0.009 -29"><span class='ocrx_word' id='word_1_283' title='bbox 359 3563 403 3623; x_wconf 89' lang='lat' dir='ltr'><strong>dit</strong></span> <span class='ocrx_word' id='word_1_284' title='bbox 418 3567 447 3623; x_wconf 86' lang='lat' dir='ltr'><strong>et</strong></span> <span class='ocrx_word' id='word_1_285' title='bbox 466 3563 605 3625; x_wconf 85' lang='lat' dir='ltr'><strong>Herodoti</strong></span> <span class='ocrx_word' id='word_1_286' title='bbox 620 3572 650 3626; x_wconf 89' lang='lat' dir='ltr'><strong>et</strong></span> <span class='ocrx_word' id='word_1_287' title='bbox 671 3565 783 3628; x_wconf 84' lang='lat' dir='ltr'><strong>Ctesine</strong></span> <span class='ocrx_word' id='word_1_288' title='bbox 797 3570 850 3629; x_wconf 83' lang='lat' dir='ltr'><strong>Se·</strong></span> <span class='ocrx_word' id='word_1_289' title='bbox 897 3573 983 3646; x_wconf 78' lang='lat' dir='ltr'><strong>tisse3</strong></span> <span class='ocrx_word' id='word_1_290' title='bbox 1002 3572 1058 3632; x_wconf 79' lang='lat' dir='ltr'><strong>nid</strong></span> <span class='ocrx_word' id='word_1_291' title='bbox 1074 3573 1140 3633; x_wconf 91' lang='lat' dir='ltr'><strong>ibid.</strong></span> <span class='ocrx_word' id='word_1_292' title='bbox 1151 3593 1181 3652; x_wconf 84' lang='lat' dir='ltr'><strong>p.</strong></span> <span class='ocrx_word' id='word_1_293' title='bbox 1203 3577 1272 3638; x_wconf 83' lang='lat' dir='ltr'><strong>too.</strong></span> <span class='ocrx_word' id='word_1_294' title='bbox 1292 3571 1389 3631; x_wconf 83' lang='lat' dir='ltr'><strong>Notis-</strong></span> 
     </span>
     <span class='ocr_line' id='line_1_35' title="bbox 340 3645 1389 3735; baseline 0.007 -28"><span class='ocrx_word' id='word_1_295' title='bbox 340 3645 543 3723; x_wconf 69' lang='lat' dir='ltr'><strong>minoida,</strong></span> <span class='ocrx_word' id='word_1_296' title='bbox 579 3667 651 3728; x_wconf 83' lang='lat' dir='ltr'><strong>quae</strong></span> <span class='ocrx_word' id='word_1_297' title='bbox 677 3651 849 3730; x_wconf 83' lang='lat' dir='ltr'><strong>Babylonem</strong></span> <span class='ocrx_word' id='word_1_298' title='bbox 898 3657 998 3716; x_wconf 85' lang='lat' dir='ltr'><strong>simum</strong></span> <span class='ocrx_word' id='word_1_299' title='bbox 1025 3676 1136 3735; x_wconf 89' lang='lat' dir='ltr'><strong>qnoque</strong></span> <span class='ocrx_word' id='word_1_300' title='bbox 1174 3659 1289 3734; x_wconf 83' lang='lat' dir='ltr'><strong>reginae</strong></span> <span class='ocrx_word' id='word_1_301' title='bbox 1315 3674 1389 3734; x_wconf 90' lang='lat' dir='ltr'><strong>opus</strong></span> 
     </span>
     <span class='ocr_line' id='line_1_36' title="bbox 359 3730 1390 3821; baseline 0.007 -30"><span class='ocrx_word' id='word_1_302' title='bbox 359 3730 426 3791; x_wconf 91' lang='lat' dir='ltr'><strong>olim</strong></span> <span class='ocrx_word' id='word_1_303' title='bbox 433 3733 603 3808; x_wconf 55' lang='lat' dir='ltr'><strong>condiderim</strong></span> <span class='ocrx_word' id='word_1_304' title='bbox 616 3733 688 3795; x_wconf 89' lang='lat' dir='ltr'><strong>adeo</strong></span> <span class='ocrx_word' id='word_1_305' title='bbox 695 3744 727 3796; x_wconf 91' lang='lat' dir='ltr'><strong>ut</strong></span> <span class='ocrx_word' id='word_1_306' title='bbox 737 3739 850 3798; x_wconf 85' lang='lat' dir='ltr'><strong>Ctesiae</strong></span> <span class='ocrx_word' id='word_1_307' title='bbox 897 3740 1039 3801; x_wconf 79' lang='lat' dir='ltr'><strong>hortonam</strong></span> <span class='ocrx_word' id='word_1_308' title='bbox 1053 3739 1216 3821; x_wconf 78' lang='lat' dir='ltr'><strong>panudium,</strong></span> <span class='ocrx_word' id='word_1_309' title='bbox 1238 3743 1272 3802; x_wconf 91' lang='lat' dir='ltr'><strong>de</strong></span> <span class='ocrx_word' id='word_1_310' title='bbox 1289 3741 1390 3818; x_wconf 84' lang='lat' dir='ltr'><strong>quibm</strong></span> 
     </span>
     <span class='ocr_line' id='line_1_37' title="bbox 359 3815 1390 3908; baseline 0.006 -32"><span class='ocrx_word' id='word_1_311' title='bbox 359 3815 508 3876; x_wconf 70' lang='lat' dir='ltr'><strong>sudorum</strong></span> <span class='ocrx_word' id='word_1_312' title='bbox 534 3817 564 3877; x_wconf 88' lang='lat' dir='ltr'><strong>iu</strong></span> <span class='ocrx_word' id='word_1_313' title='bbox 594 3818 671 3881; x_wconf 81' lang='lat' dir='ltr'><strong>hisee</strong></span> <span class='ocrx_word' id='word_1_314' title='bbox 704 3821 851 3883; x_wconf 84' lang='lat' dir='ltr'><strong>Herodoto</strong></span> <span class='ocrx_word' id='word_1_315' title='bbox 898 3824 980 3885; x_wconf 86' lang='lat' dir='ltr'><strong>Philo</strong></span> <span class='ocrx_word' id='word_1_316' title='bbox 996 3827 1113 3904; x_wconf 77' lang='lat' dir='ltr'><strong>Byzant.</strong></span> <span class='ocrx_word' id='word_1_317' title='bbox 1127 3826 1166 3886; x_wconf 86' lang='lat' dir='ltr'><strong>de</strong></span> <span class='ocrx_word' id='word_1_318' title='bbox 1176 3833 1246 3908; x_wconf 80' lang='lat' dir='ltr'><strong>sept</strong></span> <span class='ocrx_word' id='word_1_319' title='bbox 1264 3828 1322 3886; x_wconf 89' lang='lat' dir='ltr'><strong>orb.</strong></span> <span class='ocrx_word' id='word_1_320' title='bbox 1337 3824 1390 3882; x_wconf 91' lang='lat' dir='ltr'><strong>mi·</strong></span> 
     </span>
     <span class='ocr_line' id='line_1_38' title="bbox 360 3901 1389 3991; baseline 0.007 -30"><span class='ocrx_word' id='word_1_321' title='bbox 360 3901 544 3982; x_wconf 78' lang='lat' dir='ltr'><strong>praeferenda</strong></span> <span class='ocrx_word' id='word_1_322' title='bbox 563 3901 614 3978; x_wconf 87' lang='lat' dir='ltr'><strong>sit,</strong></span> <span class='ocrx_word' id='word_1_323' title='bbox 635 3906 683 3982; x_wconf 90' lang='lat' dir='ltr'><strong>qni</strong></span> <span class='ocrx_word' id='word_1_324' title='bbox 697 3906 852 3968; x_wconf 87' lang='lat' dir='ltr'><strong>Chaldaeo·</strong></span> <span class='ocrx_word' id='word_1_325' title='bbox 899 3929 969 3971; x_wconf 85' lang='lat' dir='ltr'><strong>raoe.</strong></span> <span class='ocrx_word' id='word_1_326' title='bbox 985 3931 1051 3991; x_wconf 80' lang='lat' dir='ltr'><strong>pag.</strong></span> <span class='ocrx_word' id='word_1_327' title='bbox 1075 3913 1096 3977; x_wconf 84' lang='lat'>4</span> <span class='ocrx_word' id='word_1_328' title='bbox 1118 3930 1198 3990; x_wconf 85' lang='lat' dir='ltr'><strong>seqq.</strong></span> <span class='ocrx_word' id='word_1_329' title='bbox 1225 3911 1316 3987; x_wconf 87' lang='lat' dir='ltr'><strong>ibique</strong></span> <span class='ocrx_word' id='word_1_330' title='bbox 1335 3927 1389 3968; x_wconf 87' lang='lat' dir='ltr'><strong>an-</strong></span> 
     </span>
     <span class='ocr_line' id='line_1_39' title="bbox 360 3985 1391 4076; baseline 0.009 -31"><span class='ocrx_word' id='word_1_331' title='bbox 360 4003 422 4045; x_wconf 89' lang='lat' dir='ltr'><strong>rmu</strong></span> <span class='ocrx_word' id='word_1_332' title='bbox 434 4005 467 4047; x_wconf 88' lang='lat' dir='ltr'><strong>ao</strong></span> <span class='ocrx_word' id='word_1_333' title='bbox 480 3985 695 4064; x_wconf 85' lang='lat' dir='ltr'><strong>Babyloniorum</strong></span> <span class='ocrx_word' id='word_1_334' title='bbox 715 3993 851 4052; x_wconf 87' lang='lat' dir='ltr'><strong>narratio-</strong></span> <span class='ocrx_word' id='word_1_335' title='bbox 899 4002 988 4057; x_wconf 79' lang='lat' dir='ltr'><strong>notat.</strong></span> <span class='ocrx_word' id='word_1_336' title='bbox 1002 4017 1068 4076; x_wconf 79' lang='lat' dir='ltr'><strong>pag.</strong></span> <span class='ocrx_word' id='word_1_337' title='bbox 1086 4001 1130 4062; x_wconf 80' lang='lat'><strong>72</strong></span> <span class='ocrx_word' id='word_1_338' title='bbox 1142 4017 1217 4074; x_wconf 86' lang='lat' dir='ltr'><strong>seqq.</strong></span> <span class='ocrx_word' id='word_1_339' title='bbox 1238 3996 1284 4054; x_wconf 91' lang='lat' dir='ltr'><strong>ed.</strong></span> <span class='ocrx_word' id='word_1_340' title='bbox 1300 3992 1391 4054; x_wconf 84' lang='lat' dir='ltr'><strong>Orell.</strong></span> 
     </span>
     <span class='ocr_line' id='line_1_40' title="bbox 360 4069 1391 4156; baseline 0.01 -26"><span class='ocrx_word' id='word_1_341' title='bbox 360 4069 443 4130; x_wconf 79' lang='lat' dir='ltr'><strong>mbos</strong></span> <span class='ocrx_word' id='word_1_342' title='bbox 456 4071 486 4130; x_wconf 92' lang='lat' dir='ltr'><strong>in</strong></span> <span class='ocrx_word' id='word_1_343' title='bbox 498 4071 622 4136; x_wconf 72' lang='lat' dir='ltr'><strong>saudan</strong></span> <span class='ocrx_word' id='word_1_344' title='bbox 634 4093 667 4135; x_wconf 88' lang='lat' dir='ltr'><strong>se</strong></span> <span class='ocrx_word' id='word_1_345' title='bbox 678 4076 770 4136; x_wconf 79' lang='lat' dir='ltr'><strong>induci</strong></span> <span class='ocrx_word' id='word_1_346' title='bbox 784 4097 851 4156; x_wconf 88' lang='lat' dir='ltr'><strong>pas·</strong></span> <span class='ocrx_word' id='word_1_347' title='bbox 898 4079 962 4143; x_wconf 89' lang='lat' dir='ltr'><strong>Neo</strong></span> <span class='ocrx_word' id='word_1_348' title='bbox 973 4091 1066 4142; x_wconf 67' lang='lat' dir='ltr'><strong>nmen</strong></span> <span class='ocrx_word' id='word_1_349' title='bbox 1085 4082 1155 4144; x_wconf 79' lang='lat' dir='ltr'><strong>bueo</strong></span> <span class='ocrx_word' id='word_1_350' title='bbox 1168 4081 1220 4140; x_wconf 85' lang='lat' dir='ltr'><strong>boo</strong></span> <span class='ocrx_word' id='word_1_351' title='bbox 1238 4079 1302 4140; x_wconf 86' lang='lat' dir='ltr'><strong>looo</strong></span> <span class='ocrx_word' id='word_1_352' title='bbox 1318 4081 1391 4140; x_wconf 85' lang='lat' dir='ltr'><strong>ube·</strong></span> 
     </span>
     <span class='ocr_line' id='line_1_41' title="bbox 360 4155 1392 4249; baseline 0.015 -37"><span class='ocrx_word' id='word_1_353' title='bbox 360 4174 410 4214; x_wconf 84' lang='lat' dir='ltr'><strong>sus</strong></span> <span class='ocrx_word' id='word_1_354' title='bbox 437 4155 483 4214; x_wconf 90' lang='lat' dir='ltr'><strong>sit.</strong></span> <span class='ocrx_word' id='word_1_355' title='bbox 530 4155 667 4218; x_wconf 76' lang='lat' dir='ltr'><strong>Nolanum</strong></span> <span class='ocrx_word' id='word_1_356' title='bbox 691 4159 802 4239; x_wconf 83' lang='lat' dir='ltr'><strong>longius</strong></span> <span class='ocrx_word' id='word_1_357' title='bbox 820 4163 850 4221; x_wconf 90' lang='lat' dir='ltr'><strong>iu</strong></span> <span class='ocrx_word' id='word_1_358' title='bbox 900 4165 1392 4249; x_wconf 80' lang='lat' dir='ltr'><strong>riussuntexplioaudaetilltmtnm·</strong></span> 
     </span>
     <span class='ocr_line' id='line_1_42' title="bbox 362 4238 1392 4331; baseline 0.014 -32"><span class='ocrx_word' id='word_1_359' title='bbox 362 4238 405 4299; x_wconf 87' lang='lat' dir='ltr'><strong>lsis</strong></span> <span class='ocrx_word' id='word_1_360' title='bbox 423 4239 591 4318; x_wconf 84' lang='lat' dir='ltr'><strong>subsistere,</strong></span> <span class='ocrx_word' id='word_1_361' title='bbox 614 4263 687 4321; x_wconf 89' lang='lat' dir='ltr'><strong>qnae</strong></span> <span class='ocrx_word' id='word_1_362' title='bbox 702 4265 800 4308; x_wconf 85' lang='lat' dir='ltr'><strong>vereor</strong></span> <span class='ocrx_word' id='word_1_363' title='bbox 820 4257 852 4309; x_wconf 91' lang='lat' dir='ltr'><strong>ut</strong></span> <span class='ocrx_word' id='word_1_364' title='bbox 901 4254 951 4326; x_wconf 85' lang='lat' dir='ltr'><strong>da,</strong></span> <span class='ocrx_word' id='word_1_365' title='bbox 972 4273 1023 4314; x_wconf 88' lang='lat' dir='ltr'><strong>neo</strong></span> <span class='ocrx_word' id='word_1_366' title='bbox 1034 4255 1126 4331; x_wconf 80' lang='lat' dir='ltr'><strong>magis</strong></span> <span class='ocrx_word' id='word_1_367' title='bbox 1140 4251 1264 4312; x_wconf 78' lang='lat' dir='ltr'><strong>fabulosa</strong></span> <span class='ocrx_word' id='word_1_368' title='bbox 1277 4253 1332 4312; x_wconf 88' lang='lat' dir='ltr'><strong>ista</strong></span> <span class='ocrx_word' id='word_1_369' title='bbox 1345 4271 1392 4312; x_wconf 85' lang='lat' dir='ltr'><strong>se·</strong></span> 
     </span>
     <span class='ocr_line' id='line_1_43' title="bbox 362 4325 1393 4416; baseline 0.013 -33"><span class='ocrx_word' id='word_1_370' title='bbox 362 4341 482 4402; x_wconf 86' lang='lat' dir='ltr'><strong>uuquam</strong></span> <span class='ocrx_word' id='word_1_371' title='bbox 496 4325 631 4388; x_wconf 78' lang='lat' dir='ltr'><strong>conciliari</strong></span> <span class='ocrx_word' id='word_1_372' title='bbox 648 4333 764 4410; x_wconf 86' lang='lat' dir='ltr'><strong>possint.</strong></span> <span class='ocrx_word' id='word_1_373' title='bbox 806 4333 852 4396; x_wconf 83' lang='lat' dir='ltr'><strong>lle</strong></span> <span class='ocrx_word' id='word_1_374' title='bbox 900 4338 1018 4415; x_wconf 83' lang='lat' dir='ltr'><strong>ctanda,</strong></span> <span class='ocrx_word' id='word_1_375' title='bbox 1044 4357 1164 4416; x_wconf 82' lang='lat' dir='ltr'><strong>quonum</strong></span> <span class='ocrx_word' id='word_1_376' title='bbox 1180 4337 1312 4398; x_wconf 78' lang='lat' dir='ltr'><strong>manullo</strong></span> <span class='ocrx_word' id='word_1_377' title='bbox 1329 4337 1393 4396; x_wconf 83' lang='lat' dir='ltr'><strong>atti·</strong></span> 
     </span>
     <span class='ocr_line' id='line_1_44' title="bbox 364 4407 1391 4501; baseline 0.017 -32"><span class='ocrx_word' id='word_1_378' title='bbox 364 4407 410 4470; x_wconf 86' lang='lat' dir='ltr'><strong>illa</strong></span> <span class='ocrx_word' id='word_1_379' title='bbox 428 4409 610 4475; x_wconf 84' lang='lat' dir='ltr'><strong>Semiramide</strong></span> <span class='ocrx_word' id='word_1_380' title='bbox 627 4415 705 4491; x_wconf 90' lang='lat' dir='ltr'><strong>(non</strong></span> <span class='ocrx_word' id='word_1_381' title='bbox 721 4417 852 4480; x_wconf 80' lang='lat' dir='ltr'><strong>Herodo-</strong></span> <span class='ocrx_word' id='word_1_382' title='bbox 900 4422 943 4501; x_wconf 77' lang='lat' dir='ltr'><strong>pit</strong></span> <span class='ocrx_word' id='word_1_383' title='bbox 960 4424 1119 4486; x_wconf 74' lang='lat' dir='ltr'><strong>cressum</strong></span> <span class='ocrx_word' id='word_1_384' title='bbox 1146 4425 1177 4484; x_wconf 86' lang='lat' dir='ltr'><strong>in</strong></span> <span class='ocrx_word' id='word_1_385' title='bbox 1197 4422 1391 4501; x_wconf 76' lang='lat' dir='ltr'><strong>Symboliall</strong></span> 
     </span>
    </p>
   </div>
   <div class='ocr_carea' id='block_1_5' title="bbox 0 0 1519 5170">
    <p class='ocr_par' dir='ltr' id='par_1_6' title="bbox 0 0 1519 5170">
     <span class='ocr_line' id='line_1_45' title="bbox 0 0 1519 5170; baseline 0 0"><span class='ocrx_word' id='word_1_386' title='bbox 0 0 1519 5170; x_wconf 95' lang='lat' dir='ltr'><strong> </strong></span> 
     </span>
    </p>
   </div>
  </div>
 </body>
</html>
