3006 5174
1211 457 1264 521 vlt

98 636 205 708 uobis
226 653 350 704 curum
363 629 480 715 luisse,
507 629 636 701 monitu
657 629 712 699 vix
731 651 829 725 opus.
881 631 999 718 Quare
1022 653 1110 722 quae
1132 633 1265 726 priores

101 787 286 863 Herodoti
299 787 499 880 interpretes
516 785 713 873 attulerant,
739 805 781 854 ea
798 807 867 854 non
889 785 1030 880 integris
1051 807 1171 856 eorum
1184 809 1264 856 ver-

110 944 174 1014 bis
190 939 374 1036 repetenda
400 941 500 1030 duri,
535 961 579 1010 ue
602 939 700 1010 nimis
729 949 913 1033 augeretur
935 937 1012 1009 libri
1036 941 1163 1024 moles;
1201 940 1263 1010 sed

114 1117 279 1166 smmum
298 1105 431 1164 tautum
452 1115 591 1182 eorum,
616 1113 706 1186 quae
729 1093 774 1163 ab
790 1093 853 1162 illis
868 1094 1003 1187 prolatu
1022 1091 1184 1182 vidimus,
1210 1095 1264 1164 in-

105 1249 242 1321 dicasse
260 1251 366 1320 satius
382 1249 491 1318 risum
508 1256 570 1322 est
612 1247 664 1316 ld
677 1247 768 1317 euim
782 1249 978 1340 primarium
995 1243 1059 1318 init
1074 1249 1261 1338 consilium,

104 1413 145 1473 ιιι
161 1403 380 1474 Herodotum
401 1403 600 1498 perlecturis
623 1410 683 1472 eut
701 1403 737 1471 iu
755 1401 874 1472 schola
888 1367 1154 1496 interpretaturis
1173 1403 1261 1472 iusta

104 1557 315 1628 afferrentur
336 1556 484 1628 subsidia
506 1557 552 1627 ud
572 1556 705 1652 singula
728 1555 899 1650 scriptoris
921 1557 1025 1628 verba
1051 1557 1115 1626 rite
1138 1555 1261 1628 intelli-

107 1712 228 1806 geuda
253 1713 415 1807 ipsusque
432 1736 487 1783 res
506 1721 658 1783 narrans
678 1711 797 1780 melius
814 1710 1068 1806 cognoscendas
1080 1735 1122 1780 ac
1136 1711 1261 1781 diiudi-

115 1866 258 1974 candum
292 1867 490 1961 praesertim
514 1891 591 1938 cum
616 1867 710 1937 baud
733 1867 834 1961 pauci
853 1867 1078 1960 reperiantur,
1101 1866 1261 1958 quibura

111 2021 328 2090 bibliotheca
336 2021 594 2110 locupletissima
609 2022 749 2091 remotis
763 2044 832 2091 nou
845 2043 885 2090 ea
898 2029 1081 2113 suppetant
1097 2021 1261 2089 librorum
1320 2045 1323 2054 ¹
1376 2053 1394 2085 ι

124 2165 309 2260 praesidia,
342 2190 430 2258 quae
450 2169 495 2240 ud
510 2172 675 2244 Herodoti
695 2173 950 2267 intelligentiam
973 2171 1115 2241 multum
1140 2174 1262 2243 conse·
1378 2203 1382 2210 ·

125 2328 198 2390 runt
260 2320 455 2393 versionem
481 2325 639 2396 Latinam
669 2327 765 2396 baud
796 2327 1012 2418 addidimus,
1048 2347 1145 2415 cum,
1172 2349 1261 2420 quae

108 2471 282 2543 intellectu
303 2475 456 2546 feruntur
479 2479 688 2572 ffifficdiora,
715 2506 757 2552 ea
776 2483 811 2552 in
832 2481 919 2552 uotis
937 2481 1104 2575 explicata
1127 2487 1162 2550 et
1183 2479 1262 2548 illu-

106 2635 212 2696 strata
237 2627 458 2703 inveniuntur.

188 2933 424 3027 Quaecunque
439 2936 475 3006 in
496 2938 584 3008 notis
606 2938 832 3014 Creozero
852 2941 1018 3011 debentur
1031 2947 1090 3009 aut
1110 2961 1152 3008 ex
1169 2939 1258 3010 eius-

105 3084 189 3156 dem
225 3091 560 3162 commentationibus
587 3091 794 3167 Hcrodoteis
823 3097 958 3190 integra
987 3102 1065 3163 sunt
1100 3105 1259 3180 assumta,

103 3239 209 3310 literis
236 3240 417 3313 initialibus
442 3242 546 3338 (Cr.)
566 3259 724 3320 accurate
746 3250 975 3322 iudicavimus.
1024 3246 1160 3316 Eodem
1184 3248 1259 3317 viro

35 3459 39 3474 ,
102 3403 250 3465 auctore
264 3393 401 3465 additae
413 3421 553 3490 quoque
569 3411 645 3471 suut
660 3403 795 3484 tabulae
809 3404 979 3498 quaedam
990 3361 1258 3495 geographicae,

101 3547 197 3618 unde
221 3547 300 3641 ipsa
325 3551 497 3644 scriptoris
521 3556 669 3625 narratio
693 3556 787 3628 baud
809 3580 887 3627 raro
906 3555 1092 3649 plurimum
1114 3554 1259 3648 accipiat

102 3699 198 3772 lucis.
256 3700 351 3787 Quas
368 3703 463 3774 multi
479 3708 650 3798 requirent
675 3709 916 3803 disputationes
934 3709 979 3779 de
995 3705 1165 3778 Herodoti
1181 3708 1259 3796 vita,

102 3853 265 3942 consilio,
290 3853 481 3946 itineribus,
507 3859 677 3930 scribendi
693 3885 839 3958 genere,
866 3864 955 3954 ullis,
981 3884 1043 3932 eae
1062 3861 1108 3930 ad
1129 3861 1259 3931 calcem

102 4007 216 4100 operis
249 4029 424 4078 unacum
447 4010 613 4084 indicibus
639 4016 845 4087 adiicientur.
895 4017 960 4087 Est
981 4038 1064 4086 vero
1090 4039 1132 4084 ec
1158 4013 1258 4084 huius

107 4159 259 4230 editionis
281 4169 420 4231 exrema
436 4165 603 4257 conditio,
628 4179 666 4238 ut
682 4169 826 4241 honesta
848 4169 966 4263 specie
988 4192 1062 4238 sese
1083 4190 1258 4238 commen·
1321 4149 1324 4158 ⁵

113 4309 167 4379 dut
179 4315 330 4406 aliasque
344 4315 526 4412 editiones,
553 4345 642 4413 quae
655 4323 761 4418 vulgo
772 4324 809 4396 in
821 4325 932 4394 lucem
948 4322 1138 4418 prodeunt,
1157 4321 1256 4390 facile
