2996 5184
416 449 480 514 m
728 399 1086 506 llElloDoTl

415 617 535 696 τεῖχος,
560 605 640 676 ὥστε
662 607 805 693 dissone
823 611 887 676 τοῦ
907 605 1023 693 ἑτέρον
1042 606 1165 687 κύκλος
1179 609 1276 672 τοῖσι
1291 625 1373 689 τερτ-

394 733 559 816 νμτχεῶσε
586 727 741 815 μούνοισι
769 726 837 795 ἐστὶ
856 723 1070 815 ὑψηλότερος.
1103 726 1142 794 τὰ
1165 724 1226 812 μέν
1252 747 1326 793 κου
1347 731 1408 790 uid

415 847 472 918 καὶ
491 845 530 916 τὸ
550 851 674 936 χωρίον
695 845 890 935 συμμαχέει,
924 846 1070 926 κολωνὸς
1089 843 1163 927 ἐὰν,
1193 845 1287 912 ὥστε
1311 869 1379 914 τοι·

415 972 496 1037 outo
516 966 617 1038 εἶναι·
658 966 697 1037 cd
718 967 756 1036 di
776 966 833 1036 καὶ
852 964 981 1054 μᾶλλόν
1005 991 1038 1036 τι
1063 965 1290 1052 ἐπετηδεύθη,
1322 963 1380 1032 κύ-

413 1093 502 1156 κλων
522 1084 645 1156 ἐόντων
664 1089 733 1154 τῶν
761 1084 981 1156 συναπάντων
1002 1082 1099 1168 ἑκτὰ,
1134 1084 1171 1153 ἐν
1192 1085 1231 1154 di
1254 1089 1308 1176 τῷ
1329 1107 1378 1152 τε-

393 1209 555 1296 ελευταίῳ
581 1204 623 1276 sul
652 1203 808 1295 βασιλήϊα
832 1205 937 1276 ἔνεστι
963 1203 1020 1274 καὶ
1052 1206 1086 1274 ul
1105 1205 1292 1292 θησαυροί.
1337 1200 1376 1272 τὸ

415 1323 452 1396 δὲ
473 1321 584 1394 αὐτῶν
603 1323 757 1418 μᾷγτστόν
785 1323 853 1394 ἐστι
879 1332 983 1413 τεῖχος
1010 1322 1094 1394 κατὰ
1120 1323 1181 1392 τὸν
1203 1319 1415 1411 >diminutio

414 1445 539 1516 κύκλον
560 1444 703 1533 μάλιστά
724 1471 766 1534 κη
786 1444 824 1514 τὰ
846 1446 1000 1533 μέγαθος.
1035 1449 1099 1515 τοῦ
1126 1442 1188 1532 μὲν
1215 1442 1264 1532 δὴ
1288 1438 1375 1530 πρά

294 1724 295 1733 ’
372 1745 433 1786 cum
447 1727 587 1802 altiorem,
609 1727 656 1786 ubi
670 1745 718 1785 arx
735 1727 814 1804 regia
833 1745 864 1788 e-
913 1723 1053 1802 vulgatam
1065 1731 1189 1786 teneant.
1232 1721 1301 1783 Nus
1319 1741 1357 1781 ne
1372 1740 1412 1779 re·

371 1813 454 1874 (lucta
467 1820 541 1888 erat,
552 1814 604 1872 sibi
616 1813 755 1872 invenisse
768 1813 865 1872 viden·
914 1813 1047 1888 quiriruus
1059 1811 1172 1890 quidem
1181 1809 1351 1889 particulam
1365 1801 1411 1882 al,

372 1903 417 1956 tur
430 1897 567 1976 simulque
587 1897 641 1956 aliu
662 1899 799 1974 quaedam
817 1917 865 1957 ve·
915 1897 967 1954 sed
988 1895 1069 1956 vulda
1092 1895 1270 1954 retinendiun
1296 1893 1408 1952 dicimus

372 1983 455 2061 stigia
470 1984 591 2056 sedium,
613 2001 686 2059 quae
699 2003 772 2042 nunc
784 2002 864 2061 pror·
917 1977 965 2057 dl,
987 1979 1030 2040 vel
1043 1981 1067 2039 si
1080 1979 1140 2040 libri
1153 1979 1230 2038 aliud
1245 1979 1316 2056 quid
1328 1975 1408 2034 offer-

372 2089 421 2127 sus
440 2069 547 2129 dirutae
574 2073 646 2127 sunt
696 2069 862 2136 Quacum
912 2073 983 2128 rent.
1027 2065 1113 2126 Iidem
1124 2083 1237 2142 quoque
1255 2069 1405 2130 strdclffle

371 2153 521 2232 penituilia
545 2152 579 2210 iis
604 2154 766 2227 videantur,
791 2171 863 2229 quae
913 2171 1003 2229 genus
1014 2151 1043 2210 in
1057 2151 1254 2222 lsisuotamus,
1270 2150 1403 2226 ubiprae·

372 2240 402 2298 iu
428 2239 612 2297 monumentis
645 2236 863 2314 Persepolitanis
913 2236 1018 2314 gressis
1048 2236 1174 2312 genitivis
1206 2233 1343 2292 absolutis
1368 2231 1401 2286 ita

371 2327 437 2382 sunt
452 2323 615 2402 conspicua,
636 2322 713 2399 ipsus
728 2320 830 2382 Perses
845 2341 863 2381 s
912 2322 1005 2400 pergit
1016 2323 1152 2400 scriptor,
1173 2339 1207 2378 ac
1216 2319 1241 2376 si
1251 2319 1314 2377 luco
1328 2315 1400 2394 genl-

371 2406 463 2466 Medis
492 2409 603 2468 aedium
635 2408 863 2466 exstruendarum
911 2407 1029 2466 livorum
1039 2405 1203 2485 particulam
1214 2403 1399 2464 causalemse·

370 2496 459 2550 artem
473 2492 709 2552 serenitatum
721 2493 862 2571 accepisse
912 2498 1016 2570 quente
1043 2492 1129 2550 verbu
1155 2491 1229 2550 finito
1252 2487 1392 2567 posuiaaels

371 2583 586 2637 consentaneum
598 2573 643 2634 sit.
679 2575 862 2638 Indeacolle
912 2595 1025 2637 sensum
1052 2577 1132 2636 unice
1158 2575 1316 2654 respiciens,
1342 2583 1392 2626 ⁰0⁰

370 2661 439 2735 isto,
467 2662 510 2720 cui
526 2666 714 2738 superstructa
733 2666 793 2722 enat
812 2680 861 2722 arx
911 2660 1117 2738 singulaverba
1129 2659 1394 2738 eommquestmutu·

370 2745 861 2824 regia‚1ubsexlendcbaturincam-
911 2751 1068 2825 sumatque
1085 2749 1220 2806 ordinem.
1245 2775 1282 2788 -
1299 2741 1332 2800 ln
1352 2755 1396 2795 se·

369 2851 441 2912 pos,
464 2849 536 2907 quos
551 2831 623 2890 bene
643 2831 784 2907 irrigatus,
803 2833 860 2893 ier·
910 2837 988 2911 ptem
1004 2833 1065 2890 istis
1088 2833 1201 2892 orbibus
1218 2831 1294 2890 varie
1311 2822 1395 2886 colore

369 2915 509 2976 uilissimos
524 2915 706 2992 omnibusque
727 2917 811 2976 rebus
829 2939 860 2977 a·
911 2917 1047 2978 distinctis
1088 2918 1230 2978 recondita
1268 2909 1395 2994 quaedam

368 3001 527 3061 bundantes
547 2999 681 3078 coeloque
701 3001 763 3081 ipsu
786 3002 860 3062 sdu-
911 3004 981 3062 rabo
1012 3002 1098 3062 latere
1123 3002 1249 3074 videtin,
1279 3014 1344 3076 quae
1359 2991 1394 3048 ab

368 3087 505 3147 bertinus
524 3105 588 3146 case
603 3088 710 3164 serunt,
736 3094 769 3147 ut
789 3089 861 3148 bene
911 3087 1084 3148 orientalium
1098 3087 1192 3147 indole
1207 3080 1393 3161 cogitandique

368 3171 490 3234 Deieces
504 3173 576 3232 hunc
590 3171 680 3232 locum
691 3173 751 3234 sedi
766 3175 861 3250 regiae
911 3173 1017 3232 ratione
1034 3173 1109 3232 hund
1135 3173 1273 3232 abhorret,
1310 3163 1396 3225 Nan·
1450 3165 1455 3179 '

368 3259 532 3319 condendae
570 3257 691 3334 elegisse
727 3258 859 3318 videatur.
911 3278 966 3338 que
976 3263 1108 3338 potentat
1121 3258 1218 3317 referri
1239 3259 1393 3336 septenor-

368 3343 453 3402 Plure
464 3344 501 3401 de
513 3341 557 3400 liis
579 3344 627 3418 qui
645 3345 773 3420 cupiant,
790 3345 861 3412 ,ade
912 3344 961 3402 bes
984 3345 1021 3402 ad
1041 3351 1149 3419 septem
1170 3341 1239 3402 coeli
1260 3341 1393 3422 spbaeffl,

367 3434 418 3486 ant
432 3426 570 3484 itineraria
590 3427 734 3486 docturum
754 3425 861 3504 Angla·
909 3428 1010 3504 quibus
1027 3426 1094 3484 solis
1114 3447 1163 3486 arx
1188 3427 1269 3504 quusi
1300 3419 1391 3482 indus

367 3529 447 3584 rum,
466 3510 587 3586 indeque
598 3517 713 3571 enotata
730 3513 766 3570 ab
783 3513 860 3574 Hee·
910 3518 1026 3572 tenetur.
1069 3512 1152 3571 Cous.
1168 3512 1299 3572 Creuzer.
1319 3507 1389 3580 Sym·

367 3593 446 3655 reuio
462 3595 492 3652 iu
506 3593 592 3654 Ideaa
610 3600 662 3654 etc.
683 3595 697 3652 l
713 3616 779 3675 pag.
796 3599 858 3662 289
909 3597 965 3656 bol.
980 3596 993 3654 l
1006 3596 1123 3676 utus,
1144 3597 1192 3657 ubi
1205 3597 1304 3656 aiirs'liu
1314 3605 1390 3668 quae·

367 3698 449 3756 seqq.
465 3681 527 3744 307
540 3697 620 3756 seqq.
641 3677 703 3738 Alia
717 3683 772 3761 ipsi
786 3684 860 3741 exci·
908 3683 972 3741 dum
992 3683 1069 3762 apud
1091 3681 1163 3742 alios
1190 3683 1309 3762 populus
1325 3672 1391 3733 alle·

367 3763 650 3824 iuvimusadCtesiae
664 3763 860 3826 lounnlauda·
905 3773 1011 3826 rantur.

367 3854 442 3923 tum,
456 3848 556 3926 quibus
569 3866 642 3906 nuuc
655 3851 860 3912 addoVander
949 3885 993 3898 ··-
1007 3850 1069 3916 ἐστι
1084 3858 1180 3933 τεῖχος
1195 3847 1271 3916 ml
1285 3844 1333 3912 τὸν
1348 3836 1389 3905 ’Λ-

368 3933 446 4008 Chys
458 3934 496 3992 ad
508 3933 616 3991 Arrian.
627 3931 699 4014 Exp.
710 3936 858 3998 Alexandr.
907 3937 1033 4016 θηνέων
1042 3932 1156 4000 κύκλον
1174 3931 1301 4018 μάλιστά
1314 3918 1390 4008 saw*

366 4017 858 4102 (111,19)cdnnentn.Geogmph.
907 4021 1062 4104 μέγαθος]
1092 4026 1110 4084 i.
1131 4043 1157 4084 e.
1191 4043 1283 4083 murus
1301 4027 1387 4082 mli,

366 4120 433 4184 pag·
449 4105 500 4168 73.
910 4112 958 4188 qui
978 4111 1114 4168 muium
1128 4113 1168 4168 est
1196 4111 1241 4186 (s.
1255 4102 1391 4168 maximum

409 4185 444 4250 ὲν
463 4183 503 4250 dl
524 4189 566 4272 τῷ
586 4187 743 4274 τελευταίῳ
755 4185 793 4253 sul
807 4192 860 4274 βα·
910 4193 1006 4254 urbem
1018 4195 1257 4273 conlidt)‚aequut
1265 4189 1323 4270 sere
1334 4201 1390 4243 am·

368 4265 471 4353 σελήΐν
493 4270 606 4355 ἔνεστι]
648 4275 859 4354 Schweighaeu·
909 4278 993 4337 utun
1006 4285 1136 4341 mucidum
1147 4282 1309 4340 Asluumn
1321 4271 1391 4347 (1οὓ-

368 4379 448 4420 serus
465 4360 623 4436 requirebat
636 4356 674 4441 δή
688 4383 740 4442 pro
753 4359 803 4439 dl,
816 4367 859 4423 ni·
908 4363 1057 4438 gitudine).
1101 4365 1159 4426 Ubi
1178 4360 1255 4428 κατὰ
1276 4359 1392 4424 similitu·

369 4445 408 4506 bil
435 4452 528 4506 tamen
550 4454 679 4524 mutans,
714 4471 776 4510 cuin
797 4451 860 4510 libri
908 4449 981 4508 dinis
1014 4451 1156 4511 notionem
1191 4451 1332 4521 adsciscit,
1358 4439 1416 4498 de,
