2990 5228
382 494 449 556 an
482 493 770 577 nauouor.
797 495 933 573 u,12a
1160 497 1236 562 ors

83 685 167 728 suam
186 665 356 745 probassent
380 667 409 724 in
429 664 589 742 Amenda,
621 670 753 745 poterant
774 671 882 726 mature
901 665 993 726 redire
1020 665 1059 724 ad
1082 665 1235 745 superiora,

84 777 119 830 et
138 789 237 846 regum
258 788 372 847 quoque
394 768 438 827 vei
457 767 589 826 nobilium
616 787 735 848 corpora
756 787 852 828 recem
880 773 947 826 nata
967 767 1086 844 ingredi.
1130 767 1236 828 Contra
1489 757 1490 814 ἶ

83 875 143 955 ipsi
160 873 246 933 etiam
273 891 355 950 reges
382 871 495 950 superbi
518 869 644 949 etimpii
664 875 869 949 postmortem
890 871 960 929 diris
987 869 1140 928 consecrati
1160 875 1235 944 sunt,
1369 848 1372 859 ⁴

85 983 119 1038 et
136 975 268 1034 continuo
293 971 476 1050 castigatione
502 973 635 1050 exagitari
660 972 758 1032 crediti
783 991 802 1032 a
828 973 966 1031 iudicibus
992 971 1047 1030 diis
1075 971 1233 1032 inferorum.

84 1079 226 1139 Pindarus
255 1079 332 1134 certe
363 1074 393 1132 in
427 1074 488 1134 looo
520 1076 558 1135 ad
589 1073 780 1162 Aegyptiacae
811 1073 955 1134 doctrinae
981 1073 1103 1134 indolem
1131 1075 1234 1148 efficto,

71 1182 204 1260 olymp.
220 1177 264 1252 ΙΙ,
284 1178 363 1250 121,
397 1182 579 1256 posteaquam
606 1175 799 1240 destructorum
826 1177 962 1235 bonorum
992 1181 1097 1236 sortem
1121 1177 1235 1256 praedi-

87 1284 176 1355 eavit,
207 1281 244 1340 de
265 1277 342 1336 malis
362 1275 489 1339 universe
510 1281 550 1339 ita
576 1280 750 1359 pronuntiat:
777 1309 821 1324 —
834 1276 882 1340 τοὶ
903 1279 921 1341 d
927 1272 935 1300 ’
955 1271 1165 1360 ἀπροσόρατον
1184 1272 1233 1343 o'ss·

87 1383 186 1467 χέονπ
209 1373 315 1444 πόνον.
360 1379 446 1448 Quod
466 1401 533 1442 vero
554 1380 784 1464 παλιγγενεσίαν
807 1380 995 1440 sacerdotibus
1013 1382 1152 1458 attribuo,
1172 1383 1192 1441 i.
1208 1403 1233 1442 e.

87 1488 143 1548 hoc
162 1483 311 1566 placitum,
333 1481 402 1561 prod
421 1487 539 1543 animum
556 1484 698 1544 humanum
719 1481 939 1557 detnrninutum,
969 1487 996 1540 et
1014 1503 1033 1542 u
1053 1483 1160 1544 bestiali
1179 1487 1233 1542 cir·

91 1592 170 1646 cuitu
190 1587 325 1643 tumorem
349 1589 412 1662 post
436 1589 538 1664 tempus
555 1588 586 1644 in
603 1585 716 1646 dominis
737 1604 848 1663 corpora
869 1583 1017 1643 redeuutem
1026 1590 1152 1662 poneret,
1172 1605 1233 1644 mo-

94 1693 142 1747 vet
159 1707 204 1746 me
221 1687 308 1745 Servii
329 1687 477 1746 auctoritas
495 1687 556 1746 Ιοοο
581 1687 799 1768 supralaudato
826 1687 885 1762 (ad
905 1686 983 1764 Virg.
1005 1685 1076 1747 Aen.
1097 1685 1156 1762 111,
1177 1689 1234 1763 68)
1265 1705 1275 1728 ·
1366 1739 1368 1744 .

92 1809 155 1849 cum
174 1787 361 1866 Pythagoram
384 1790 451 1849 dicit
471 1788 556 1871 plane
577 1811 640 1850 enm
667 1791 697 1850 in
725 1791 838 1848 modum
866 1789 1008 1861 statuisse3
1041 1807 1124 1867 quem
1143 1789 1234 1869 philo-

87 1891 205 1970 sophum
231 1891 293 1970 ipse
322 1891 484 1952 Herodotus
513 1894 686 1953 sacerdotum
717 1891 919 1974 Aegyptiorum
952 1889 1116 1973 discipulum
1148 1893 1234 1953 fuisse

85 1994 243 2074 signifieat,
268 1998 302 2052 ut
319 2013 405 2074 supra
421 1995 620 2058 firmavimus.“
638 2025 682 2044 ι-
