3008 5172
449 424 844 524 sorunculi.
1050 437 1113 502 τοι

156 617 220 674 τας
241 591 280 661 db
299 589 463 680 peycilovc
483 591 540 661 καὶ
560 591 812 680 χαυλιόδοντας,
834 557 1039 682 κατὰῖόχον
1051 601 1114 668 τοῦ

130 712 324 800 ὀνόματος.
365 716 521 800 γλῶσσαν
546 711 583 782 dl
609 718 740 801 μοῦνον
758 716 889 804 θηρίων
907 712 971 784 οὐκ
991 714 1112 802 ἔφυσε·

162 829 243 902 οὐδὲ
262 831 324 921 τὴν
340 829 430 902 adcor
453 832 554 902 κινέει
573 831 720 921 γνάθον,
742 831 823 904 ἀλλὰ
839 834 896 905 cccl
912 840 1012 905 τοῦτο
1026 839 1111 923 μοῦ-

107 1105 200 1172 liores
213 1112 274 1172 illos
285 1133 349 1174 esse
363 1110 427 1172 olim
442 1112 538 1172 statuit
554 1112 610 1173 Ca·
660 1119 743 1174 ctuto.
776 1111 860 1174 Nunc
872 1132 938 1175 vero
951 1134 997 1178 res
1013 1115 1151 1196 expedita.

110 1218 178 1258 mus
190 1199 320 1277 idemque
332 1218 407 1258 nuuc
415 1199 510 1257 statuit
516 1197 611 1259 Minn-
658 1198 854 1277 Hiberosque
862 1202 1013 1262 crocodilus
1019 1201 1152 1280 linguam,

111 1283 167 1342 toli
179 1282 197 1341 l.
213 1283 230 1342 l.
246 1303 312 1362 pag.
326 1289 387 1349 160
402 1283 462 1342 coll.
474 1284 610 1363 Geoffroy
660 1290 690 1342 ut
719 1284 826 1362 relique
851 1285 995 1361 animalia,
1027 1287 1078 1348 sed
1098 1288 1151 1349 sub

113 1387 183 1447 psg.
196 1371 268 1434 379.
303 1369 332 1428 Τ
333 1389 351 1428 u
365 1369 420 1428 vid.
437 1369 608 1447 potissimum
660 1369 785 1428 maxillae
800 1369 936 1430 inferioris
954 1391 1054 1450 aspera
1068 1371 1151 1452 pelle,

113 1454 304 1513 Schneiderd.
317 1453 335 1512 l.
354 1473 421 1534 pag.
435 1455 478 1518 23
500 1461 529 1514 ct
542 1454 612 1516 Tie-
660 1457 740 1532 quasi
756 1454 818 1514 laxo
839 1455 949 1514 vinculo
969 1457 1150 1536 comprehen-

112 1539 247 1598 demann.
264 1538 318 1598 l.l.
339 1558 406 1618 pag.
418 1542 468 1604 28.
660 1558 735 1614 sam,
755 1540 794 1598 sic
813 1541 1034 1618 delitescentem,
1054 1543 1151 1603 utrix

160 1617 287 1696 ὀδόντας
323 1621 356 1685 dl
384 1617 529 1706 μεγάλους
556 1621 610 1687 καὶ
657 1625 747 1706 primo
755 1625 888 1704 adspectu
901 1633 1069 1706 compareat,
1079 1627 1151 1687 mul-
1260 1677 1264 1684 .

110 1701 356 1788 χαυλιόδοντας]
400 1705 609 1789 χαυλιόδοντες
657 1710 749 1788 risque
776 1710 841 1768 viris
858 1730 971 1789 prorsus
993 1712 1092 1772 abesse
1107 1713 1149 1771 vi-

113 1799 184 1852 sunt
212 1793 300 1853 dmtcs
319 1799 428 1872 ττιαῐί,
462 1796 508 1854 des
532 1796 608 1856 derb
658 1796 778 1855 derebu.
808 1795 884 1855 Nam
899 1795 1024 1856 maxillae
1037 1797 1150 1857 inferio-

113 1879 257 1952 soillnnts,
284 1885 316 1952 nt
342 1881 425 1940 vertit
443 1878 608 1958 Larclrerus,
658 1881 696 1940 ris
716 1881 889 1940 interstitium
917 1888 1006 1941 totum
1031 1887 1150 1961 occupat

109 1964 232 2024 Diodori
251 1967 403 2025 admonens
422 1964 451 2041 l,
466 1968 507 2031 35
527 1973 556 2027 et
567 1967 608 2026 lo.
659 1966 774 2044 eiusque
786 1966 903 2044 margini
910 1966 1033 2026 interiori
1040 1972 1069 2027 et
1078 1967 1150 2046 apici

108 2047 228 2110 Diacon.
251 2051 334 2110 schol
356 2052 385 2109 iu
406 2057 474 2110 scut.
491 2052 608 2112 Hesiod.
658 2056 718 2110 tota
737 2057 783 2111 est
802 2053 903 2128 affixa,
922 2051 963 2110 uti
983 2071 1032 2112 ore
1050 2057 1149 2132 aperto

108 2156 152 2196 Vb
170 2139 250 2210 303,
271 2137 322 2214 qui
343 2136 459 2216 exponit
479 2129 608 2212 όδόντας
657 2143 790 2216 apparet3
810 2136 924 2214 linguae
944 2136 1047 2197 scilicet
1067 2137 1149 2196 mini·

107 2215 305 2300 ἐξεστηκότος
318 2223 376 2283 τοῦ
396 2213 548 2299 στόματος.
565 2257 602 2269 -
657 2223 739 2282 sterio
755 2222 906 2282 crocodilus
918 2241 989 2302 opus
1001 2221 1149 2282 nonhabet

107 2307 144 2368 In
154 2309 216 2388 ipsa
227 2327 258 2367 re
269 2325 368 2382 nenio,
390 2307 438 2384 qni
452 2308 535 2368 oculis
550 2311 605 2370 suis
656 2326 708 2366 nec
721 2308 758 2366 ad
773 2326 870 2366 vocem
893 2326 945 2367 nec
965 2307 1148 2386 adpraedam

108 2393 175 2471 ipse
185 2394 334 2470 inspexerit
347 2391 529 2470 crocodilum,
544 2394 604 2454 He·
653 2392 875 2452 convertendum.
907 2392 972 2450 Vid.
985 2391 1146 2452 Schneider.

110 2477 245 2536 nodotum
264 2478 362 2536 erroris
378 2485 486 2556 arguet
529 2479 603 2539 Nam
653 2477 672 2537 l.
687 2477 705 2536 l.
727 2493 793 2557 pag.
806 2476 848 2543 43
862 2495 921 2555 seq.
964 2477 1148 2538 'liedemann

111 2563 211 2624 dentes
227 2561 364 2620 crocodilo
385 2571 447 2622 sunt
464 2565 559 2642 magni
576 2571 604 2625 et
653 2561 701 2622 l.l.
729 2581 795 2642 pag.
807 2565 850 2628 32
870 2582 930 2640 seq.
970 2561 1147 2623 Herodotum

112 2648 141 2706 in
167 2646 278 2708 maxilla
309 2649 451 2726 superiore
477 2649 604 2729 plerique
654 2667 719 2707 vero
736 2667 866 2709 excusare
886 2647 1001 2722 licebit,
1029 2649 1078 2726 qui
1097 2665 1147 2708 er·

111 2733 152 2792 ita
173 2732 289 2807 exserti,
311 2739 342 2791 ut
362 2733 446 2793 etiam
463 2755 512 2796 ore
526 2734 604 2795 elau·
653 2738 760 2792 ternam
775 2733 896 2812 speciem
916 2734 1006 2812 magis
1027 2737 1147 2809 secutus,

112 2838 161 2892 so,
181 2839 243 2877 cum
259 2815 333 2877 labia
355 2837 412 2877 non
432 2820 539 2898 adsint,
559 2821 609 2880 so-'
653 2818 720 2878 talia
732 2837 789 2876 nou
801 2819 975 2897 viditsquse
988 2818 1032 2878 rel
1042 2818 1147 2878 doctis-

110 2903 149 2962 ris
162 2909 317 2980 spectentur
333 2905 604 2982 eruperioremaxil-
655 2903 738 2962 simos
758 2909 871 2964 nostrae
888 2906 986 2964 aetatis
1004 2905 1076 2963 viros
1097 2902 1146 2962 diu

108 2987 139 3046 la
152 2987 282 3046 deorsum
295 2991 490 3064 prominentes.
524 2991 605 3050 Haec
652 2987 797 3063 latuerint,
826 3007 879 3049 nec
901 2989 954 3047 nisi
981 2989 1174 3048 cadaverum·

108 3079 139 3133 et
152 3072 235 3150 plura
253 3069 435 3133 Schneiderus
447 3073 466 3132 l.
479 3074 499 3133 l.
521 3096 549 3153 p.
560 3073 603 3140 34
653 3073 819 3133 sectionibus
846 3073 977 3132 institutis
1006 3073 1044 3131 ad
1064 3071 1146 3151 liqui·

108 3157 173 3218 coll.
192 3153 376 3216 Tredemaun.
395 3179 460 3239 pag.
474 3161 518 3225 39
534 3179 603 3236 seq,
653 3159 719 3218 dum
726 3157 845 3261 perduci
857 3157 1006 3236 potuerint.

107 3261 168 3320 quo
197 3245 319 3317 utroque
341 3239 400 3300 loco
418 3244 497 3322 plura
519 3245 604 3304 etiam
697 3237 836 3323 ουδὲτήν
854 3235 936 3303 νότοι
959 3235 1053 3302 κινέει
1071 3229 1145 3320 χνό-

105 3325 233 3386 invenies
245 3324 282 3385 de
295 3325 419 3386 dentium
432 3347 544 3391 numero
561 3335 604 3389 at-
653 3326 734 3410 θον]
755 3328 773 3386 i.
795 3347 819 3388 e.
839 3325 991 3405 inferiorem
1005 3323 1145 3384 οιααίῑὶατι

108 3412 255 3490 queserie.
652 3423 705 3472 iton
724 3417 817 3472 monet.
858 3412 939 3471 Haec
960 3430 1073 3489 quoqne
1089 3429 1144 3485 rer,

151 3500 292 3578 γλῶσσαν
316 3490 351 3558 dl
374 3499 490 3576 μοῦνον
507 3499 603 3581 θηρί-
654 3500 691 3558 ab
713 3495 862 3558 Aristotde
880 3495 996 3575 ullisque
1015 3496 1143 3576 repetita,

109 3605 154 3644 οον
168 3575 225 3644 orlac
240 3579 352 3660 ἔφυσε]
373 3602 411 3656 sc.
424 3579 444 3645 d
452 3579 603 3664 κροκόδει-
653 3583 749 3642 nostre
767 3588 859 3644 aetate
870 3583 952 3643 valde
967 3581 1086 3642 exercuit
1103 3581 1145 3640 vi·

106 3671 175 3744 λος,
196 3687 247 3726 noa
258 3671 370 3744 genuit,
381 3688 464 3727 nuum
478 3673 601 3730 excurri·
652 3688 699 3729 ros
711 3669 823 3744 doctos,
835 3669 874 3727 ita
889 3674 920 3727 ut
933 3667 979 3728 vix
992 3667 1144 3747 composita

107 3753 157 3810 bus
176 3753 359 3828 nalmnlilus,
388 3753 444 3812 rs'ls'
464 3754 601 3830 ἱίαςυαιας
651 3749 684 3814 lis
712 3774 774 3814 esse
802 3753 937 3814 videatur.
984 3750 1033 3812 Tu
1050 3757 1144 3812 tamen

107 3837 126 3895 i.
147 3855 172 3896 e.
194 3837 267 3896 laud
288 3845 397 3898 nodum
418 3843 459 3898 est
478 3840 602 3917 linguans
651 3839 723 3899 hanc
734 3846 830 3900 tenens
843 3837 1061 3918 disputationum
1069 3855 1145 3896 snm·

106 3941 190 3981 νυατο
220 3921 266 3980 luc
293 3927 363 3982 inter
382 3929 471 3984 omnic
488 3927 600 3986 οτιίτιαῐ.
652 3945 741 3986 mam:
764 3921 921 3983 inferiorem
935 3921 1065 3982 crocodili
1083 3939 1143 3981 mu·

106 4037 152 4051 -
168 4007 226 4068 Res
245 4009 305 4087 ipsa
331 4009 411 4070 ualde
433 4012 600 4090 disceptata,
650 4009 758 4082 xillam,
785 4007 839 4068 nisi
865 4026 979 4086 prorsus
999 4005 1144 4066 immobilis

105 4094 268 4172 praesertim
287 4113 347 4153 cum
364 4095 526 4157 Aristoteles
541 4095 601 4154 alii·
651 4093 704 4167 sit,
731 4101 787 4152 tam
807 4092 923 4152 obscure
943 4089 1063 4162 moveri,
1091 4107 1145 4149 nec

105 4195 165 4254 que
187 4178 330 4257 scriptores
354 4171 422 4241 baec
448 4201 483 4242 ex
506 4181 601 4239 Hero-
649 4175 734 4258 plane
757 4178 795 4236 ad
823 4175 928 4251 latere,
955 4181 988 4234 ut
1013 4175 1058 4232 rix
1076 4171 1144 4232 illud

104 4263 175 4320 doto
190 4264 364 4342 repetierint,
385 4285 437 4326 nec
454 4263 600 4342 recentiprl
650 4260 772 4342 conspici
800 4261 896 4340 possit.
944 4257 1008 4318 Vid.
1028 4257 1144 4318 Schnei-

104 4353 198 4406 aetate
211 4349 367 4425 defuerint,
388 4351 437 4429 qui
451 4350 599 4409 Herodoto
650 4349 708 4407 der.
724 4347 742 4406 l.
755 4345 773 4404 l.
787 4365 854 4422 pag.
869 4343 910 4408 48
925 4361 1004 4421 seqq.
1020 4346 1049 4402 et
1061 4360 1144 4420 prae·

102 4433 344 4576 pstfiqqimrenrur
362 4435 398 4495 ab
421 4435 482 4496 aliis
506 4434 600 4495 obtre-
649 4433 729 4512 cipue
743 4428 934 4575 ’liedemanui
947 4427 966 4486 l.
980 4427 998 4486 l.
1018 4443 1084 4504 pag.
1099 4427 1142 4490 ³6

213 4535 306 4577 onor.
328 4516 351 4578 l.
892 4514 914 4576 4
