3002 5178
434 487 819 551 EUTERPE.II.
1027 489 1092 553 bnt

137 653 273 726 ὁδοῖσι·
307 653 522 740 ἐπιλέγοντες,
551 651 597 734 οἱς
618 653 740 741 τὰμὲν
761 651 895 742 αἰσχροὶ,
929 653 1092 742 ἀναγκαῖα
1207 744 1211 750 ¹

140 775 201 854 rii,
221 775 257 843 ἐν
277 769 458 862 έτοιιρτὶφῳ
482 773 549 842 test
569 775 692 842 ποιέειν
711 773 834 861 χρεοέν·
857 773 897 842 τέ
920 773 955 842 tt
975 773 1021 862 μὴ
1034 775 1088 842 αἱ,
1131 775 1192 837 120
1298 751 1302 764 ³

118 893 249 980 σσχρέ,
280 890 484 979 ἀναφανδόν.
527 894 637 976 ἱρᾶται
663 892 748 981 μονή
772 894 831 982 μέν
853 892 992 978 οὐδεμία
1013 890 1090 961 οὔτε

144 1013 272 1099 ἔρσενος
292 1017 393 1096 θεοῦ,
416 1009 492 1080 οὔτε
511 1013 647 1098 θηλέης·
683 1011 801 1098 ἄνδρες
823 1013 873 1092 bi,
902 1008 1036 1080 uuinton
1056 1022 1133 1081 τε9ο

141 1133 200 1203 τιαὶ
220 1131 357 1200 πασέων.
398 1130 532 1219 τρέφειν
561 1131 639 1211 τούς
666 1129 783 1212 τοκέας
809 1139 895 1201 τοῖσι
915 1132 975 1218 μέν
996 1132 1089 1200 τιαισὶ

141 1251 277 1337 οὐδεμία
298 1248 441 1338 ἄνᾶγιιη,
479 1249 523 1338 μὴ
545 1253 792 1352 βουλομένοτσι·
826 1256 902 1340 τῇσι
924 1252 959 1320 δέ
980 1260 1088 1338 θανα-

38 1372 98 1441 36
139 1369 234 1454 τριέσι
257 1376 345 1439 πᾶσα
365 1369 509 1457 ἀνάγκη,
531 1371 586 1440 uui
608 1371 652 1458 μή
674 1373 903 1459 βουλομένῃσι.
945 1373 986 1438 Οἱ
1006 1373 1089 1458 ἱρέες

134 1495 227 1558 θεῶν
249 1494 292 1578 τῇ
312 1490 372 1578 μέν
396 1489 481 1580 ἄλλῃ
502 1489 676 1577 κομέουσι·
711 1491 750 1560 ἐν
770 1489 927 1582 Αἱμέατφ
950 1490 1001 1571 δέ,
1029 1493 1088 1572 ἓν·

94 1789 159 1829 esse
189 1769 314 1828 ostmdit
341 1767 521 1828 casaubonus
551 1769 590 1828 ud
640 1768 873 1848 lexisseetpriscn
881 1767 1132 1828 Pborsonumtens-

95 1854 286 1932 'rneopbrase
309 1853 437 1912 Churact„
468 1853 508 1919 14
529 1854 591 1914 roll.
639 1864 763 1934 puroet
791 1872 864 1931 quse
890 1853 1014 1932 proximu
1040 1857 1133 1910 sesnin

95 1937 554 2018 Aristopbun.eodes.8165eqq.
640 1945 721 2013 suut,
748 1940 902 2018 respexisse
925 1937 989 2014 mibi
1016 1936 1133 1995 videtur.

145 2021 246 2102 ἱρᾶται
268 2019 347 2128 μονή
380 2020 434 2100 μέν
465 2017 593 2105 οοίἱεμὶα
641 2023 715 2085 Num
729 2032 841 2102 postero
853 2028 944 2083 astute
959 2020 1135 2080 Ptolemaeo·

96 2128 126 2169 ιι.
140 2130 167 2168 τ.
183 2104 220 2184 λ.]
242 2109 367 2186 ονιὶεμὶα
384 2116 413 2167 et
424 2109 476 2168 boe
487 2108 546 2169 loeo
564 2116 593 2169 et
641 2129 701 2168 rum
723 2109 894 2188 potissimum
914 2105 1081 2184 temporibus
1103 2105 1134 2164 in

98 2193 228 2270 sequenti
250 2195 345 2272 scripsi
364 2213 426 2251 oum
441 2193 527 2252 Guist.
540 2214 592 2274 pro
642 2193 683 2253 bis
699 2201 831 2253 novatum
854 2193 938 2252 suisse
952 2191 1012 2268 quis
1025 2187 1135 2266 negeti

98 2269 238 2355 ονίἱεμὶη.
255 2311 296 2322 -
324 2278 446 2337 Verbum
474 2280 592 2340 medium
641 2275 682 2338 Ae
701 2279 744 2338 vel
762 2279 823 2357 ipsu
842 2277 1016 2336 Pharaonum
1042 2279 1134 2334 aetate

99 2362 231 2439 ἱρᾶσθαι
246 2363 283 2422 de
299 2361 331 2420 iis
353 2363 424 2436 diei,
447 2367 495 2442 qui
506 2383 592 2421 suro·
642 2381 735 2422 meros
748 2363 882 2440 quasdam
891 2363 920 2420 in
927 2359 1035 2439 templis
1048 2361 1135 2419 fuisse

98 2448 174 2506 (totio
182 2446 474 2526 funguutur‚optime
489 2451 594 2507 monuit
640 2448 767 2508 mutere
803 2442 1017 2527 (ἱεροδούλονς
1050 2443 1133 2520 irrigo

98 2531 250 2590 Ruhnken.
269 2534 305 2590 ud
322 2532 427 2592 Timaei
440 2533 511 2593 Les.
531 2533 593 2592 Pla·
641 2535 765 2610 vocant),
785 2533 858 2592 hund
877 2533 987 2608 quidem
1005 2529 1134 2589 abhorret

98 2625 157 2676 tou.
172 2617 319 2696 pug.147·
339 2618 411 2676 Ado.
424 2618 543 2677 Pausan.
557 2617 592 2692 ll,
642 2635 757 2692 aveto,
779 2637 839 2676 cum
858 2617 917 2675 aliis
939 2634 1049 2694 quoqne
1066 2613 1132 2673 lou's

99 2703 143 2767 32
153 2703 227 2776 init,
249 2703 295 2762 ubi
310 2701 390 2780 plura
403 2703 514 2781 collegit
529 2704 593 2762 Sie·
641 2702 715 2762 isiem
734 2704 886 2762 obtinuisse
907 2702 1056 2761 videmm.
1085 2699 1133 2758 cf.

99 2787 176 2846 betis.
191 2787 333 2847 deformis
348 2787 489 2867 ἱερᾶσθαι
509 2795 537 2848 et
552 2788 592 2849 ἱε-
642 2793 713 2849 nott
729 2789 765 2846 ud
778 2789 807 2862 Ι,
826 2787 886 2853 154
902 2793 930 2847 et
942 2788 996 2844 uid.
1010 2787 1083 2844 infru
1096 2783 1133 2860 11,

99 2875 248 2948 ροῦσθαι,
270 2879 297 2930 et
318 2875 391 2930 coni.
418 2875 535 2933 eundem
554 2874 592 2932 ud
643 2875 693 2936 64.
725 2873 769 2932 Ad
789 2872 943 2932 huiusmodi
961 2878 1052 2931 nutem
1071 2888 1132 2927 mu·

98 2957 221 3015 Pausau.
235 2956 298 3028 vll,
311 2963 353 3022 22
369 2954 398 3036 §.
407 2959 437 3022 6.
458 2959 491 3016 lu
502 2959 592 3034 ipsum
641 2955 721 3018 lieres
728 2958 855 3034 equidem
864 2957 1039 3016 enretnlerim
1048 2972 1134 3031 quee-

97 3041 151 3099 loei
159 3047 349 3116 argumentum
357 3042 497 3118 inquisivit
505 3043 593 3101 Creu-
643 3059 749 3118 cunque
769 3041 980 3122 in'uuagiypbis
1001 3042 1053 3098 huo
1068 3059 1134 3118 spe·

98 3146 183 3190 serus
198 3127 228 3181 in
241 3125 364 3200 Symbob
377 3125 391 3183 1
404 3149 431 3206 p.
441 3127 505 3194 250
513 3145 592 3202 seqq.
642 3129 743 3185 utentis
757 3129 935 3206 reperiuntur.
967 3125 1048 3182 Cous.
1062 3139 1135 3200 qnae

98 3211 249 3270 Herodoto
274 3208 363 3282 enim,
390 3214 435 3288 qui
463 3211 593 3271 mulieres
643 3211 700 3270 dixi
733 3212 762 3270 in
795 3211 903 3270 Annuit.
937 3206 1135 3282 Heidelbergg.

100 3295 261 3355 snoerdotes
290 3292 484 3371 Aegyptiorum
508 3297 593 3355 fnisse
644 3299 726 3361 1823
741 3315 782 3354 nr.
800 3301 841 3361 33
862 3315 926 3375 pag.
942 3293 1004 3359 520
1025 3309 1083 3366 seq.
1107 3295 1136 3349 et

98 3387 202 3456 negat,
224 3385 254 3438 et
265 3376 312 3437 ulii
325 3378 504 3456 obloquuntur
515 3387 592 3441 vete·
642 3381 707 3440 odd.
719 3381 855 3441 Toelkeo.
871 3381 899 3438 in
912 3376 1038 3437 Minutoli
1050 3375 1136 3438 Reise

98 3483 160 3538 res,
202 3464 249 3540 qui
278 3461 407 3522 mulieres
439 3466 591 3526 ssoerdotes
641 3485 667 3523 τ.
679 3465 799 3544 Tempel
812 3467 862 3526 des
874 3464 1003 3545 Juppitm
1016 3462 1135 3523 Ammon

100 3551 205 3608 diserte
226 3554 460 3621 eommemoruut,
481 3557 508 3608 et
529 3552 591 3628 ipsu
640 3567 705 3630 pag.
724 3555 794 3616 160.

100 3635 254 3693 Rosettnnu
266 3634 408 3712 inscriptio
429 3641 590 3710 atquem·
769 3677 794 3736 c
803 3695 820 3736 a
876 3675 998 3736 xxm

101 3719 220 3796 giuthe,
241 3739 313 3796 quoe
333 3721 453 3778 seminus
466 3720 593 3777 sacerdo·
826 3697 855 3758 μ
999 3720 1007 3737 “

100 3811 144 3864 tes
153 3804 198 3862 hie
207 3803 261 3862 illio
275 3811 485 3883 repraesentare
499 3803 594 3862 videu-
682 3806 723 3886 τῇ
737 3799 792 3882 μέν
808 3800 882 3889 έέλλῃ
898 3836 941 3851 -
957 3799 1133 3883 ξνρεῦνται]

100 3895 154 3946 tur.
175 3887 328 3965 Equidem,
349 3897 379 3948 ut
390 3889 445 3948 atis
457 3889 562 3947 στέλλοιτο
576 3907 594 3946 ε
641 3887 741 3950 Verbis
754 3891 795 3975 τῇ
807 3886 881 3974 ἄλλῃ
890 3897 919 3950 et
927 3895 1003 3951 τοῖσι
1018 3884 1134 3950 ἄλλοισι

102 3975 166 4031 uiris
180 3974 275 4048 dootis,
297 3974 593 4052 «summoueretur
643 3967 837 4055 α’νθροέιιοισι
864 3975 987 4034 Grueuos
1023 3973 1135 4052 potissi-

104 4055 166 4128 ἱὶ,
178 4059 332 4137 &sputum
355 4059 474 4120 animum
488 4059 533 4116 vix
550 4059 594 4117 in-
640 4079 716 4119 mnm
737 4060 855 4140 respici,
877 4059 990 4118 dubium
1009 4057 1053 4115 vix
1070 4073 1133 4116 esse

103 4141 205 4199 diruere
220 4162 346 4219 possum,
367 4151 399 4203 ut
413 4144 483 4204 sulse
500 4143 593 4204 Hero-
641 4144 753 4224 poterit.
795 4145 852 4202 lum
866 4159 939 4217 qnne
952 4140 1132 4206 hoolooore-

102 4225 202 4284 dotum
218 4229 411 4307 oonseripsisse
424 4238 528 4308 putens,
543 4229 592 4306 qui
641 4231 785 4299 semotus,
805 4227 837 4286 iis
854 4243 909 4285 non
928 4231 984 4284 tum
998 4225 1132 4284 diversum

102 4310 167 4388 ipss
189 4327 268 4368 suoru
288 4315 512 4390 mserdotnmque
535 4312 593 4372 ool-
644 4313 816 4372 secerdotum
830 4309 1053 4368 consuetudinem
1072 4308 1134 4367 He-

100 4393 194 4470 legia,
224 4393 263 4454 nd
291 4414 359 4472 qune
382 4399 474 4459 osslloe
498 4399 593 4474 ntique
642 4397 769 4453 rodotom
784 4391 924 4453 dedomo
939 4389 1134 4450 voluisseLnr·
1173 4461 1178 4471 Ι

101 4479 231 4542 mulieres
259 4480 484 4560 mmoumus,
513 4481 595 4543 intei-
643 4479 741 4540 moos
755 4477 907 4553 existimet,
929 4473 1047 4552 sedquo
1062 4491 1135 4551 geu·
