3048 5218
418 430 483 494 812
716 431 1074 493 HERODOTI

417 594 550 678 δύεται,
587 595 744 665 ἐνθεῦτεν
779 597 831 676 die
859 593 1060 668 ίτιαντεῖλαι·
1098 598 1155 667 καί
1184 597 1283 665 ἔνθεν
1310 602 1393 666 νῦν

418 711 605 798 rivatim,
632 716 778 785 ἐνθαῦτα
800 717 851 798 οἱς
871 719 1071 786 καταδῦναι·
1111 719 1164 787 καί
1186 715 1288 786 οὐδὲν
1308 723 1391 784 cciv

419 833 494 904 κατ’
517 837 688 923 mov
716 835 783 905 rino*
812 841 916 905 ταῦτα
942 836 1194 927 ἑτεροιωθῆναι,
1227 835 1306 905 οὔτε
1335 837 1386 904 τὰ

417 957 457 1026 ἔτι
475 959 534 1044 τῆς
556 959 634 1044 γῆς,
655 953 733 1024 οὔτε
753 955 794 1038 ιὰ
813 955 850 1025 ἐκ
869 963 933 1028 τοῦ
951 964 1105 1046 ποταμοῦ
1126 975 1188 1044 ops
1204 953 1386 1043 γινόμενα,

418 1075 496 1144 οὔτε
519 1072 669 1162 crisippi
699 1064 864 1156 νούσους,
892 1076 970 1147 οὔτε
990 1077 1032 1146 τοί
1058 1077 1141 1147 κατὰ
1163 1075 1242 1157 τοὺς
1262 1073 1431 1144 θανά-30

167 1185 376 1338 ”mm-13¹3
413 1220 505 1277 τους.
550 1195 725 1281 Πρότερον
744 1193 781 1264 di
807 1195 965 1289 Ἑκαταίῳ
986 1207 1033 1290 τῷ
1054 1201 1226 1286 λογοποιῷ
1248 1195 1286 1264 ἐν
1310 1195 1383 1284 Θή-

166 1334 265 1378 ente·
283 1331 313 1378 se
331 1333 377 1378 ss-

371 1545 496 1626 piuribns
511 1546 615 1606 reterre
629 1546 741 1618 taedet,
753 1563 815 1606 cum
830 1546 867 1605 ab
921 1545 1077 1620 Milesium,
1095 1545 1142 1624 qui
1157 1541 1320 1622 quingentis
1327 1545 1413 1602 terme

370 1630 511 1690 Herodoti
525 1631 615 1690 verbis
632 1630 679 1690 iila
698 1632 734 1689 sit
750 1631 869 1693 maxime
919 1636 1002 1694 annis
1020 1652 1046 1691 a.
1060 1631 1127 1690 cnr.
1146 1649 1174 1689 n
1194 1631 1309 1703 flomit,
1330 1629 1419 1688 Hero-

371 1716 472 1776 alicua
514 1715 576 1776 Nec
604 1715 710 1775 meliori
742 1736 867 1774 successu
919 1720 1000 1778 dotus
1015 1714 1226 1792 n1.intetligit
1262 1716 1342 1788 Qui,
1363 1715 1424 1793 piu·

373 1801 444 1862 haec
460 1806 613 1861 necarunt
625 1801 772 1860 academici
788 1801 868 1860 Pari·
918 1805 996 1864 ribus
1022 1803 1098 1861 orbis
1126 1807 1263 1862 terrarum
1290 1801 1426 1878 partibus

375 1889 495 1959 aienses,
523 1886 560 1945 de
573 1885 601 1944 la
614 1886 728 1959 Nauae,
749 1887 868 1963 Brequi·
917 1889 1113 1970 perlustratis,
1147 1906 1217 1968 opus
1245 1887 1426 1958 condiderat,

374 1993 449 2050 guy,
463 1971 591 2048 anuis,
613 1991 727 2049 quorum
742 1973 869 2048 scriptio-
918 1975 996 2053 quod
1015 1972 1157 2052 inscripsit
1182 1975 1241 2053 γῆς
1262 1971 1425 2049 περίοδον,

373 2077 424 2118 nes
438 2059 558 2116 insertae
572 2057 868 2116 exstauttom.XXIX
918 2079 974 2138 qua
994 2059 1087 2117 varias
1109 2064 1245 2116 terrarum
1264 2063 1362 2134 partes
1385 2059 1423 2116 ab

373 2143 498 2202 memoir.
520 2142 556 2201 de
572 2140 667 2200 iacad.
683 2144 734 2202 des
746 2143 868 2221 inscript
917 2145 979 2224 ipso
996 2143 1177 2223 perlusa-atas
1200 2149 1333 2201 aocnrate
1354 2162 1422 2220 per·

372 2247 440 2309 pag.
457 2226 499 2292 64
517 2245 595 2303 seqq.
638 2225 701 2287 Nec
723 2229 869 2287 defuerunt
918 2229 1062 2308 scripsisse
1078 2229 1166 2288 fertur
1183 2229 1317 2304 adeoque
1337 2228 1420 2286 tabu-

372 2319 470 2373 nostra
492 2317 599 2384 aetate,
621 2312 684 2390 qui,
712 2331 775 2372 cum
794 2333 869 2370 sum-
918 2313 974 2374 iarn
1001 2337 1022 2373 s.
1045 2331 1175 2392 mappam
1199 2313 1419 2390 geographiam

372 2417 446 2458 ruam
459 2397 653 2474 antiquitatem
666 2397 867 2474 Aegyptiorum
918 2400 1069 2471 adiecisse,
1089 2399 1126 2458 de
1146 2417 1202 2475 qua
1222 2398 1330 2458 Noster
1344 2399 1418 2456 infra

371 2483 455 2542 rebus
480 2501 604 2542 asserere
631 2481 799 2557 studerent,
828 2483 867 2542 ad
916 2485 953 2558 V,
966 2484 1016 2550 49.
1052 2483 1129 2542 Alios
1143 2491 1291 2563 praeterea
1304 2485 1416 2562 scripsit

371 2567 512 2628 Herodoti
531 2587 643 2646 quoque
664 2567 868 2648 locumprovo·
916 2569 1001 2629 libros
1019 2569 1142 2628 historici
1165 2570 1319 2647 argumenti
1334 2585 1351 2624 a
1365 2587 1409 2625 re-

371 2659 469 2714 arent
483 2673 601 2730 eumque
617 2671 652 2712 cx
667 2653 776 2712 diverso
792 2659 866 2713 statu
916 2655 1022 2715 teribus
1050 2657 1152 2734 passim
1173 2656 1403 2723 manontes,

370 2739 513 2814 signorum
525 2738 633 2797 zodiaci
646 2745 676 2796 ct
690 2739 804 2796 scientia
817 2757 866 2798 ae-
915 2757 969 2800 nec
982 2740 1129 2800 Herodoto
1141 2740 1255 2814 ignotos,
1269 2734 1327 2812 qui,
1339 2753 1404 2793 cum

368 2823 570 2900 quinoctiomrn
580 2823 660 2882 certis
669 2821 791 2900 periodis
800 2841 866 2902 pro-
915 2844 1020 2902 magna
1040 2833 1112 2886 esset
1128 2822 1259 2882 flennei
1283 2821 1408 2879 sudori—

368 2906 556 2982 gredientium
571 2905 737 2984 explicatum
753 2909 864 2968 velient
915 2917 980 2982 tas,
1009 2929 1068 2970 uon
1088 2909 1172 2969 solum
1190 2907 1279 2968 multa
1295 2906 1412 2966 videtin

368 2989 442 3050 Vide
455 3009 528 3068 qnae
544 2993 611 3051 citat
625 2992 725 3051 Creuz.
740 2994 865 3072 inSym-
915 2997 1068 3071 omisisse,
1102 3013 1173 3074 quae
1198 2995 1237 3054 ab
1264 2992 1412 3053 Hecataeo

369 3075 485 3156 boilp.
500 3079 562 3142 268
574 3083 634 3136 not
646 3079 709 3144 323
723 3078 865 3156 aequas,
913 3083 983 3141 satis
999 3083 1055 3141 ium
1075 3082 1204 3161 exposita
1221 3080 1346 3152 rideret,
1367 3098 1414 3138 re-

369 3160 466 3240 ibique
492 3163 641 3242 praecipue
665 3163 747 3222 Remi
772 3165 863 3241 Raige
913 3187 975 3226 rum
999 3165 1053 3224 alia
1077 3185 1211 3244 quoque,
1233 3185 1308 3244 quae
1326 3166 1412 3224 minus

369 3249 400 3306 in
414 3248 495 3306 mdm.
509 3254 657 3308 astronom.
671 3249 863 3328 (descriptde
913 3253 986 3312 bene
1006 3251 1042 3309 ab
1062 3249 1110 3308 illo
1129 3253 1238 3310 tradita
1250 3259 1361 3322 essent,
1383 3255 1413 3308 ut

369 3331 468 3408 1Ἐρ.1
488 3352 516 3411 p.
534 3337 594 3398 169
611 3351 690 3411 seqq.
714 3341 743 3394 et
756 3333 863 3394 ibidll
913 3337 1094 3408 auendaret,
1134 3339 1191 3397 sibi
1224 3336 1410 3416 proposuisse.

368 3437 398 3496 p.
419 3417 506 3493 257).
535 3416 660 3477 Fourier.
683 3421 711 3478 in
732 3421 862 3500 descript.
888 3422 997 3480 -Unde
1015 3420 1139 3496 iachim,
1161 3423 1328 3482 utaeerbius
1341 3421 1404 3477 sub-

369 3499 493 3578 del’Eg.
510 3501 618 3578 antiqq.
639 3501 761 3563 livalli.
782 3507 863 3564 ruem.
913 3507 977 3565 inde
996 3503 1173 3568 Hecataeum
1194 3515 1308 3580 ungere
1331 3503 1403 3562 11111·

368 3590 436 3644 tonr.
455 3586 468 3645 1
488 3602 554 3662 pag·
577 3589 648 3653 819.
668 3591 740 3654 821.
784 3590 864 3651 Idem
913 3591 1034 3667 demque
1055 3593 1200 3672 opiniones
1222 3589 1309 3646 acrius
1338 3607 1405 3666 per·

368 3688 444 3728 nuuc
464 3669 560 3730 addit:
597 3674 711 3733 Giirres.
731 3675 863 3752 Hymen·
912 3676 1053 3751 stringcre
1081 3679 1205 3737 rideatur
1229 3672 1405 3748 Herodotum.

368 3752 464 3830 nesci.
481 3755 862 3838 primusquoddam
912 3761 1049 3820 Viduot
1065 3764 1103 3821 ad
1122 3759 1343 3834 16116811.
1362 3764 1404 3825 71

366 3839 499 3919 periodos
521 3840 666 3902 Sothiaoas
686 3845 755 3903 haec
775 3845 863 3906 relata
912 3848 973 3908 init.
993 3851 1045 3911 77.
1066 3849 1124 3912 156
1141 3853 1169 3904 et
1183 3843 1361 3903 Crermerum
1379 3848 1406 3904 iu

365 3923 439 4000 vult)
460 3931 489 3984 et
507 3925 635 3988 Giidicke
658 3929 761 3988 Berlin.
783 3930 863 3990 Zeit·
910 3934 1012 4008 fragm.
1033 3931 1092 3990 hist.
1118 3949 1183 4010 pag·
1204 3934 1256 3994 22.
1327 3930 1405 3999 Quae

367 4009 463 4068 schrist
481 4011 525 4070 fiir
544 4009 710 4073 Wissensch,
724 4033 750 4071 u.
767 4015 862 4076 Kunst
912 4017 967 4076 hoc
986 4017 1046 4075 iooo
1065 4017 1156 4092 tangit
1168 4015 1352 4090 Herodotus,
1372 4035 1405 4076 ea

367 4093 426 4174 lp·
438 4097 631 4163 tio-872.
658 4109 660 4112 ’
912 4101 1075 4181 pertinuisse
1092 4102 1224 4160 videntur
1248 4103 1289 4160 ad
1310 4123 1403 4182 γενεα-

499 4221 584 4300 111·
607 4221 734 4286 11111·
913 4187 1403 4333 tttttttsttttt'tt

413 4338 561 4428 πρότερον
591 4345 624 4410 ὑὲ
653 4348 799 4436 Ἑκαταίῳ
820 4357 864 4437 rpi
914 4375 970 4433 que
985 4357 1087 4416 seriem
1099 4366 1286 4419 enumeratam
1299 4375 1402 4416 eornm-

365 4435 517 4516 ioyorrorpi
539 4457 567 4494 ιι.
582 4456 607 4496 τ.
622 4432 660 4514 1.]
695 4436 863 4500 flemma
914 4459 970 4520 que
984 4460 1029 4502 res
1044 4449 1142 4519 gestas
1159 4444 1246 4504 literis
1262 4443 1402 4518 consigna·
