3048 5218
434 433 499 496 810
747 429 1098 492 HERODOTl

434 596 492 668 καὶ
513 597 699 685 τρισχίλιοι,
731 598 875 684 σχοίνων
896 595 1051 683 ἑξήκοντα
1073 596 1211 667 ἐόντων·
1243 597 1310 664 ῑσοι
1334 599 1395 666 καὶ

412 715 540 806 Ξοότῆς
562 717 732 804 Αἰγύπτου
752 719 790 786 τό
811 716 903 802 παρὰ
923 716 1107 786 θάλασσαν.
1134 715 1243 785 rietur
1263 715 1300 783 di
1322 743 1393 802 μα-

434 838 498 928 ror}
519 837 539 926 ἡ
562 841 659 926 λίμνη
685 839 770 922 πρός
796 840 905 926 poprie
923 837 1036 907 τεκαὶ
1056 836 1171 914 νότον,
1202 835 1306 905 ἐοῦσα
1328 836 1395 924 βό-

433 967 512 1038 θος,
530 964 570 1048 τῇ
591 957 763 1045 βαθυτάτη
785 953 867 1043 eder}
890 957 1033 1045 ἑωυτῆς,
1060 955 1395 1045 πεντηυουτόοηυιος.

412 1077 487 1147 utu
509 1077 544 1147 di
564 1077 794 1166 χειροτοίητός
821 1079 889 1147 ’ἔστι
917 1078 975 1146 καὶ
1001 1076 1142 1166 ὀρυκτή,
1170 1075 1256 1166 αὕτη
1283 1081 1393 1166 δηλοῖ.

390 1261 600 1275 —nfl—

391 1375 535 1438 εἰοόοοοό.
554 1374 748 1451 11,16.124.
778 1373 824 1433 Ad
838 1392 884 1432 ar-
934 1375 1051 1447 buntur,
1081 1379 1113 1432 ut
1139 1374 1214 1434 bene
1237 1381 1314 1433 notet
1329 1373 1366 1433 L.
1393 1379 1431 1436 de

326 1483 331 1492 ’
390 1467 550 1538 gumeutum
569 1461 642 1520 conf.
661 1464 718 1517 not
740 1461 777 1518 ed
794 1459 835 1533 ll,
853 1461 882 1522 6.
933 1459 1065 1520 Leborde
1076 1459 1095 1516 l.
1109 1460 1127 1518 l.
1142 1478 1210 1537 pug-
1225 1463 1272 1523 66.

389 1547 436 1607 lle
450 1546 513 1624 ipso
525 1545 600 1604 loeus
615 1545 723 1604 ambitu
737 1546 821 1603 modo
841 1545 884 1602 di·
975 1550 1016 1632 τῇ
1028 1539 1187 1624 βαθυτάτη
1206 1538 1283 1622 urin}
1301 1541 1417 1622 ἑωυτῆς]

389 1633 487 1690 ximus.
529 1631 628 1690 Monet
654 1649 721 1689 vero
742 1629 882 1688 Mnnnert
933 1633 1017 1691 Conf.
1030 1631 1066 1704 ll,
1081 1631 1150 1696 124.
1173 1631 1257 1688 Hunc
1269 1649 1335 1710 vero
1348 1633 1425 1706 quin-

390 1716 409 1774 l.
422 1717 440 1774 l.
455 1737 483 1796 p.
491 1716 553 1782 426
567 1736 637 1792 req,
650 1716 674 1774 si
693 1715 825 1775 schoenos
841 1717 883 1774 in·
934 1717 1068 1795 quaginta
1096 1715 1223 1774 ulnanun
1257 1715 1427 1774 altitudinem

389 1802 525 1862 tollereris
563 1803 680 1877 triginta
723 1801 883 1874 studiorum,
932 1803 1022 1881 repeti
1035 1801 1092 1860 vult
1107 1801 1276 1860 ltlannertl.
1290 1799 1310 1858 l.
1324 1822 1356 1880 p.
1371 1803 1429 1867 421

390 1890 506 1948 existere
530 1905 666 1945 summam
699 1887 883 1963 quadraginta
932 1887 1168 1966 epyremidibus‚
1190 1907 1278 1963 quae,
1300 1894 1332 1944 ut
1354 1889 1435 1946 ineo-

389 1975 512 2050 quinque
539 1972 724 2031 milliariorum
763 1990 882 2048 geognr·
932 1972 976 2032 loe
989 1973 1158 2032 crediderint
1175 1977 1203 2032 et
1218 1973 1371 2032 Herodoto
1393 1975 1436 2031 di·

388 2058 542 2136 phicorum,
556 2077 629 2136 quae
644 2075 661 2113 n
676 2057 758 2116 Plinii
770 2065 881 2115 senten-
933 2059 1038 2132 xerint,
1068 2058 1271 2135 quinquaginta
1294 2057 1378 2117 ulnae
1402 2078 1437 2116 ex

347 2175 349 2178 ·
388 2144 428 2200 tie
445 2163 503 2202 nou
521 2142 603 2202 valde
623 2143 739 2200 reoedet
751 2142 884 2200 ambitum
933 2144 1013 2220 equis
1044 2145 1229 2214 erninuerint,
1256 2143 1436 2220 totidemque

388 2227 466 2288 larue
509 2227 656 2287 scribentis
702 2227 883 2286 ducentorum
933 2229 1005 2286 infru
1019 2247 1106 2305 equor
1121 2229 1315 2306 pertinuerint
1337 2229 1437 2288 Hero-

388 2314 589 2390 quinquuginte
618 2311 804 2371 milliariorum
823 2312 886 2369 Ro·
934 2315 1035 2372 doteus
1049 2332 1192 2372 mensures
1207 2331 1329 2389 aequare
1341 2316 1436 2373 seme

387 2415 546 2471 manorum,
573 2417 646 2475 qune
666 2399 728 2476 ipsa
747 2397 884 2473 quinque·
933 2398 997 2479 923
1012 2405 1101 2458 metra
1114 2399 1246 2473 (me'tree)
1264 2417 1286 2456 ι.
1298 2401 1365 2462 285
1381 2420 1436 2477 pe-

387 2483 465 2560 ginte
482 2483 605 2542 milliaria
619 2481 806 2560 geographica
819 2483 883 2540 etti-
933 2485 984 2544 des
1006 2484 1130 2543 Gallione
1146 2501 1293 2543 mensurae
1317 2485 1361 2542 eit
1387 2485 1435 2541 lo-

387 2570 469 2628 cient.
518 2569 578 2628 Sed
610 2574 674 2627 ante
704 2565 882 2626 Mennertum
931 2572 1043 2628 merdus
1060 2569 1110 2628 l.l
1126 2588 1192 2648 pag.
1201 2573 1241 2633 97
1255 2567 1314 2626 coll
1328 2587 1359 2644 p.
1375 2575 1432 2641 99,

388 2655 532 2713 lomardue
549 2654 568 2711 l.
583 2652 601 2710 l.
622 2675 650 2731 p.
665 2652 706 2718 85
728 2653 881 2712 contende·
930 2655 979 2714 ubi
999 2675 1096 2714 eorum
1115 2656 1256 2725 meminit,
1285 2653 1330 2725 qui
1345 2652 1424 2709 banc

387 2745 450 2812 rat,
465 2741 501 2796 ab
521 2739 685 2811 Herodoto,
705 2737 781 2796 errius
801 2757 880 2796 men·
929 2741 1144 2820 profirnditetem
1171 2738 1243 2795 lacus
1267 2735 1352 2794 telem
1373 2755 1424 2794 re·

386 2841 465 2880 eures
476 2821 573 2896 rdiqui
581 2824 727 2900 scriptores
734 2823 881 2881 marimum
929 2845 997 2884 vera
1009 2825 1093 2884 fuine
1107 2829 1247 2899 negarunt.

288 2952 291 2958 .
384 2912 494 2986 purtem
518 2907 604 2966 secuti
631 2907 704 2980 sint,
733 2914 881 2985 utrumque
971 2903 1017 2971 ’ότι
1031 2909 1063 2972 δὲ
1081 2899 1287 2986 ηειοοιτοίητός
1301 2901 1364 2966 ἐστι
1380 2935 1427 2950 --

385 2992 824 3069 euboenorumgenueconfueurn
840 2993 881 3050 vi-
930 2988 1011 3072 οιότή
1039 2991 1139 3074 δηλοῖ]
1179 2993 1295 3052 Contra
1321 2992 1428 3050 Strabo

385 3078 461 3152 deri,
487 3097 565 3151 mm,
593 3078 617 3136 ei
637 3079 759 3137 minores
781 3078 880 3138 sdroe·
929 3080 1010 3138 xvn
1027 3101 1055 3158 p.
1072 3083 1155 3146 1168
1168 3087 1271 3140 nature
1282 3079 1377 3157 prodit
1388 3078 1429 3135 lo-

385 3183 438 3224 noe
451 3163 636 3235 intellexeris,
658 3181 764 3222 summa
778 3183 879 3242 prove·
928 3185 990 3225 eun
1020 3166 1152 3225 effectum
1180 3187 1256 3240 esse,
1289 3165 1339 3242 qui
1362 3163 1427 3220 olim

385 3251 444 3308 niet
456 3250 609 3308 studiorum
622 3252 720 3321 1800;
736 3251 784 3324 qui
798 3267 878 3307 verne
927 3251 1058 3328 mmipeo
1071 3253 1144 3308 mari
1157 3253 1244 3311 fuerit
1259 3252 1428 3309 coniunctus.

384 3335 513 3393 videatur
525 3335 611 3394 fidene
626 3333 700 3391 lucus
715 3335 844 3394 ambitus.
927 3335 966 3394 Et
984 3355 1050 3394 sene
1069 3337 1239 3395 arctioribus
1259 3337 1359 3394 tinibus
1375 3337 1431 3392 cir-

427 3417 582 3481 κέεται-
596 3417 649 3480 eet
673 3411 781 3496 νότον]
796 3411 829 3478 Ιἱ.
850 3437 876 3478 e.
927 3419 1138 3479 oumscnbendu
1154 3421 1295 3482 Herodoti
1313 3425 1426 3476 senteu-

384 3503 461 3562 lucur
473 3524 492 3561 u
508 3509 587 3581 porte
601 3503 701 3562 luenti
717 3509 742 3561 et
760 3504 879 3562 australi
925 3507 978 3576 tin,
999 3523 1063 3563 eum
1078 3507 1110 3563 in
1124 3505 1187 3566 loeo
1205 3513 1258 3564 tom
1269 3503 1351 3580 pleno
1374 3508 1426 3559 et-

385 3589 512 3662 oblongur
527 3593 574 3647 ert.
602 3589 645 3647 lta
658 3590 876 3666 reoteSehugb.
924 3607 980 3666 que
1014 3591 1157 3669 profundo
1196 3591 1247 3647 iem
1288 3585 1426 3662 primitus

383 3673 442 3732 Sed
457 3672 595 3732 Mennert.
612 3673 660 3730 ll.
678 3694 745 3752 pag.
759 3675 821 3740 425
837 3677 877 3734 ite
925 3693 1012 3752 equae
1029 3670 1427 3736 subsediseererieimillimum

383 3757 515 3834 exponite
547 3758 675 3830 „indie
700 3751 800 3836 Linge
827 3779 878 3837 ge-
928 3762 965 3820 rit
980 3779 1032 3820 nee
1048 3761 1190 3838 quiequam
1202 3757 1367 3815 universum
1384 3759 1428 3817 ln-

383 3843 505 3914 etrerkt,
519 3841 588 3918 liegt
603 3845 654 3902 der
665 3845 721 3903 See
733 3863 769 3902 nn
786 3847 878 3905 seiuer
927 3867 974 3904 our
1000 3847 1106 3907 alveum
1124 3842 1207 3922 opert
1230 3842 1361 3902 bumuud
1385 3847 1426 3902 et-

382 3927 483 3988 Nord·
498 3929 555 3986 und
568 3929 733 3988 Siideeite“!
760 3929 876 4009 Diuquie
925 3932 1031 3991 forrum
1051 3949 1110 3990 erre
1128 3927 1210 3988 terite
1229 3927 1285 3987 sibi
1308 3949 1425 4007 persuu-

382 4013 418 4070 rit
438 4013 507 4072 heeo
524 4013 642 4072 lomerd.
666 4011 683 4070 l.
702 4013 720 4072 l.
740 4035 808 4094 pag.
824 4020 875 4078 87.
925 4020 1013 4092 uerit,
1034 4017 1102 4094 qni,
1132 4033 1191 4090 quo
1214 4022 1296 4074 terre
1321 4013 1424 4072 effossa

382 4098 414 4156 ln
430 4098 535 4174 lacum,
550 4099 638 4175 qualis
653 4109 792 4173 nunoest,
807 4101 875 4160 bueo
925 4104 1023 4160 eoniioi
1041 4101 1186 4180 potuerit,
1220 4119 1315 4159 seeum
1339 4119 1423 4177 repu-

382 4185 493 4244 minime
506 4185 642 4259 quadrare
655 4185 699 4242 rix
712 4186 808 4260 negari
822 4203 875 4264 po·
924 4188 1034 4246 tererit.
1061 4187 1157 4254 Quare
1170 4205 1205 4246 ee
1219 4191 1329 4244 tanturn
1342 4203 1422 4261 pers,

382 4269 464 4339 terit3
490 4270 540 4326 sed
556 4275 676 4328 veterem
698 4268 772 4329 leone
791 4271 875 4329 situm
923 4278 957 4329 ut
972 4278 1068 4332 monet
1079 4271 1181 4330 Ritter.
1196 4271 1215 4328 l.
1229 4270 1247 4328 l.
1268 4289 1332 4348 pag.
1344 4271 1422 4341 800,

382 4360 412 4411 et
452 4354 671 4428 magnitudinem
717 4356 874 4435 respicienti
924 4362 986 4416 arte
1005 4357 1081 4417 facte
1102 4358 1231 4430 videtur,
1253 4374 1308 4432 que
1327 4354 1423 4412 orien-

381 4437 449 4498 bueo
462 4455 519 4496 non
533 4456 551 4496 e
563 4458 629 4498 vero
637 4437 785 4502 abhorrere
796 4441 874 4501 vide·
922 4448 980 4500 tem
996 4461 1093 4502 versun
1111 4441 1329 4518 ooniungebetur
1340 4437 1422 4496 lucrm
