2990 5228
328 431 539 496 uxcunsus
557 431 600 496 ιιι
620 429 673 495 ιι)
692 431 895 498 nmooor.
916 433 959 514 ι,
981 435 1050 502 159.
1100 505 1106 511 ,
1198 379 1288 502 ιιι

418 1227 971 1306 EXGURSUSXI

280 1394 379 1465 un
442 1387 1095 1482 neno'oou.1r,1oo.

147 1777 148 1780 ’
182 1756 251 1827 Kal
272 1755 418 1843 Σύροισι
439 1762 520 1848 πεζῇ
541 1753 560 1828 ὁ
584 1754 701 1838 Νεκῶς
727 1757 905 1846 συμβαλών
933 1749 971 1827 ἔν
992 1755 1164 1848 Μαγδόλφ
1194 1754 1261 1826 lul-

245 1879 341 1948 κησε·
369 1860 450 1948 μετὰ
472 1859 588 1948 δὲτὴν
609 1859 735 1950 μάχην,
763 1859 915 1930 Κάδυτιν
936 1859 1035 1930 πόλιν
1056 1866 1113 1949 τῆς
1134 1862 1262 1948 Συρίης

246 1964 370 2033 ἐοῦσαν
390 1962 534 2054 μεγάλην
555 1959 629 2034 elle.

187 2121 356 2201 ‚Magnum
372 2123 439 2184 urbs
458 2130 628 2185 munoretur
646 2125 676 2184 in
689 2119 820 2184 Antonin.
835 2122 927 2185 itiner.
945 2127 1013 2205 pag·
1032 2124 1093 2189 178
1115 2123 1262 2184 duodecim

117 2227 238 2289 millibus
250 2235 356 2288 remoto
374 2226 516 2287 ePelurio
539 2227 674 2288 orientem
690 2245 803 2300 verona
831 2228 908 2288 unde
925 2227 985 2288 iure
1005 2226 1035 2284 in
1058 2226 1185 2286 eontiniir
1203 2224 1263 2287 Ae-

117 2333 198 2411 gypti
220 2331 355 2390 inferioris
377 2330 488 2406 Syrium
511 2350 607 2392 vernus
626 2330 679 2391 erit
700 2329 869 2390 collocando.
911 2328 974 2390 Nec
994 2327 1053 2388 ulio*
1070 2334 1131 2404 ert,
1159 2317 1283 2407 quoeu¹

116 2433 262 2513 Stephano
277 2432 437 2511 Byzantino
457 2432 597 2492 indicatur
619 2454 642 2492 e.
655 2453 682 2493 v.
698 2438 727 2491 et
740 2433 769 2490 in
783 2451 877 2492 sacrae
895 2432 1046 2511 scripturae
1062 2430 1171 2509 aliquot
1186 2431 1263 2506 loeis,

117 2536 165 2595 ubi
183 2540 298 2595 voontur
315 2526 417 2617 liniq.
439 2534 503 2594 Vid.
523 2535 629 2596 Geren.
643 2536 673 2594 in
685 2534 764 2594 lexin
777 2533 907 2593 Hebraic.
919 2552 984 2614 pag.
997 2533 1061 2599 429
1082 2531 1143 2596 ooli,
1158 2532 1261 2594 Chem-

115 2636 183 2719 poll.
206 2636 328 2716 l'Egypt.
355 2656 378 2696 r.
400 2634 419 2694 l.
438 2633 517 2714 pluer.
543 2637 566 2696 ll
586 2657 616 2716 p.
635 2642 678 2703 79
702 2642 731 2696 et
752 2636 884 2708 Valcken.
904 2637 934 2694 in
953 2636 1103 2714 scriptione
1117 2655 1183 2696 mox
1202 2636 1263 2695 lun·

117 2741 213 2800 dando
232 2736 261 2820 §.
275 2741 340 2804 7.9
362 2735 504 2817 pag-159
520 2757 579 2817 seq.
621 2739 661 2800 Et
675 2747 753 2801 vetur
769 2758 870 2800 nomen
883 2739 913 2798 in
936 2737 1071 2797 hodierne
1089 2736 1142 2796 looi
1164 2737 1263 2819 eppei·

116 2842 222 2904 latione
235 2841 298 2901 Ros
312 2840 337 2900 el
350 2837 450 2920 Moyel
475 2841 519 2916 (in
535 2839 664 2902 orientali
684 2861 718 2902 no
732 2841 904 2902 meridionali
923 2861 1033 2903 reoerrn
1053 2839 1128 2900 loeus
1145 2838 1263 2901 Menza-

116 2944 178 3024 leh)
196 2944 285 3004 lutere
298 2943 437 3004 exirtimnt
456 2941 597 3002 Munnert.
611 2943 717 3020 Geogr.
732 2945 762 3004 d.
776 2945 827 3003 Gr.
842 2964 870 3004 u.
885 2944 968 3005 Rom.
984 2941 1029 3016 X,
1046 2944 1064 3006 1
1086 2962 1116 3021 p·
1130 2940 1204 3008 489.

203 3045 262 3106 Sed
279 3044 316 3105 ub
336 3061 371 3104 eo
383 3042 453 3102 urbe
472 3044 560 3122 probe
576 3043 772 3121 distinguenda
789 3051 835 3104 est
852 3043 906 3102 ulie
920 3044 1009 3118 urbs,
1035 3060 1108 3119 quee
1127 3044 1157 3102 in
1178 3045 1263 3106 noerio

119 3147 205 3208 literis
225 3145 384 3226 appelletur
402 3155 473 3230 turn
493 3145 552 3205 rive
570 3140 742 3230 Mnyeliu',
768 3142 807 3206 ed
824 3144 1040 3205 Maronitarum
1058 3145 1159 3204 tn'burn
1177 3148 1264 3226 perti·

120 3267 207 3323 nene,
227 3249 266 3307 od
277 3254 398 3309 montem
412 3248 569 3309 Carmelum
582 3248 654 3322 sito,
681 3268 718 3310 ex
736 3268 793 3327 qno
814 3249 876 3329 ipro
896 3247 1048 3328 porrigitur
1064 3246 1212 3326 plunitiee,
1232 3249 1264 3308 in

121 3369 178 3427 que
189 3349 290 3408 lorium
310 3349 457 3414 nNeoone
472 3353 575 3412 vietum
592 3352 677 3413 inirre
697 3351 750 3411 loei
768 3370 864 3412 romae
882 3351 1033 3430 scripturae
1049 3369 1133 3430 supra
1153 3351 1206 3426 (ud
1225 3350 1263 3427 Η,

123 3452 201 3528 169)
221 3451 326 3512 loudoti
346 3453 481 3514 evincunt
533 3452 665 3532 Namque
688 3453 758 3516 lueo
774 3454 919 3535 planitia,
948 3469 1020 3529 quoe
1041 3458 1174 3512 amonte
1193 3452 1264 3512 Cor-

119 3557 193 3617 melo
207 3555 425 3636 septentrione·
446 3559 533 3634 utque
551 3558 686 3618 orientem
698 3575 794 3618 verene
817 3555 855 3617 od
881 3555 1031 3615 lordonum
1045 3573 1134 3633 oeque
1149 3561 1263 3634 proten-

121 3659 214 3731 ditur,
238 3657 427 3736 eieuneqnom
437 3661 607 3738 permeendn
619 3666 662 3722 ert
668 3704 678 3737 ,
691 3660 740 3738 qui
752 3676 786 3720 ex
799 3655 930 3737 Aegypto
941 3656 1082 3734 Assyriam
1092 3657 1165 3737 petit
1178 3664 1263 3735 utque

120 3760 319 3838 Babylonium,
347 3759 470 3837 indeque
492 3759 541 3820 illu
561 3760 686 3841 pluribus
707 3759 819 3843 proeliis
839 3764 870 3819 et
884 3759 1003 3840 plurium
1024 3780 1121 3838 regum
1139 3760 1263 3820 elodibur

122 3863 237 3939 insignio
251 3863 312 3922 suit.
354 3859 438 3921 Nune
450 3868 564 3922 vocetur
582 3861 712 3924 madoco
727 3861 883 3924 lun-Aue
902 3861 961 3922 ie.
978 3867 1087 3941 protuor
1095 3863 1157 3943 solii
1166 3863 1264 3923 Amori.

123 3962 207 4023 Plura
217 3961 295 4023 lnlrn.
308 3961 433 4023 biblirelr.
447 3960 631 4044 Aruueolog.
655 3965 669 4024 l
688 3985 718 4044 p·
735 3964 797 4034 142
817 3969 848 4026 ot
866 3961 1067 4025 Borenmiillen
1088 3964 1155 4025 bibl.
1172 3965 1265 4026 Alter-

122 4064 301 4126 thumrkund.
315 4065 358 4140 ΙΙ,
373 4070 391 4130 1
413 4085 478 4144 pag·
497 4066 558 4132 149
579 4067 640 4128 ooli.
652 4065 784 4127 Volckeu
794 4065 814 4125 Ι.
828 4065 847 4126 l.
863 4063 947 4146 510
967 4087 996 4146 p.
1016 4070 1078 4132 160
1094 4085 1154 4144 seq.
1182 4065 1265 4126 Hono

123 4187 188 4230 vero
205 4166 346 4248 plnnitiem
367 4169 395 4226 in
415 4169 577 4230 Herodoteo
597 4168 676 4245 loeo,
704 4167 752 4228 uhi
771 4167 809 4228 nd
827 4165 991 4245 Magnetum
1006 4187 1102 4246 regern
1123 4167 1264 4226 victorium

124 4275 281 4350 reportasse
294 4268 427 4346 legimur,
448 4271 656 4350 intelligendum
671 4285 733 4332 ense
746 4271 791 4331 vix
805 4271 937 4346 dubium,
957 4278 1020 4346 unt,
1042 4277 1073 4329 ut
1092 4268 1264 4331 Valckenarii

124 4379 186 4434 utor
200 4371 308 4446 verbu,
335 4377 397 4432 tuto
414 4374 552 4436 adfirmari
572 4375 650 4449 lieet,
678 4393 739 4436 cum
764 4373 802 4435 ele
822 4373 962 4456 Aegyptio
981 4375 1050 4435 urbe
1070 4371 1205 4452 Magdolo
1228 4389 1266 4432 ne
