3012 5182
390 441 455 505 ono
686 433 1042 498 HERODOTI

390 605 428 674 ἐκ
447 609 506 692 τῆς
527 601 677 691 άκάνδης
702 601 897 690 ποιεύμενα·
934 605 991 688 τῆς
1012 598 1033 688 ἡ
1060 597 1175 687 μορφά
1198 596 1258 688 μέν
1275 599 1346 668 ἐστι

391 721 570 812 ὁμοιοτάτη
582 729 629 815 τῷ
644 725 825 813 Κυρηναίῳ
840 725 944 812 λωτῷ,
966 719 1004 788 τό
1021 720 1056 788 δὲ
1075 717 1227 804 δάκρυον
1241 717 1369 807 κόμμιι
1489 749 1490 776 1

369 845 470 913 λὶστί.
514 843 552 912 ἐκ
570 841 692 929 ταύτης
720 834 769 912 τόν
796 847 855 930 τῆς
883 838 1033 928 ἀκάνθης
1058 838 1240 926 κοψάμενοι
1261 838 1349 920 ξύλα

391 961 473 1032 ὅσον
493 986 528 1030 τε
550 960 700 1049 διπήχεα,
721 961 908 1052 πλινθηδὸν
930 967 1135 1042 συντιθεῖσι,
1155 959 1351 1047 ναυπηγεύ-

370 1094 488 1171 apruni
508 1079 634 1166 τρόπον
654 1081 793 1151 τοιόνδε.
836 1082 911 1168 περὶ
939 1079 1093 1169 γόμφους
1118 1080 1269 1160 πυκνούς
1290 1080 1352 1148 καλ

389 1199 540 1290 μακρούς
558 1205 762 1289 περιείρουσι
782 1203 823 1272 τά
845 1199 982 1291 διπήχεα
1004 1197 1102 1282 ξύλα·
1123 1201 1222 1270 ἐπεάν
1244 1199 1350 1290 diripi

349 1370 557 1384 μ

349 1464 443 1547 perro]
473 1465 519 1526 De
540 1463 654 1524 ocaothe
669 1464 783 1524 Servius
804 1464 842 1523 ad
893 1463 1034 1541 gyptium,
1055 1481 1111 1540 qno
1125 1461 1281 1538 designatum
1292 1460 1390 1538 liquor

350 1551 447 1628 Virgit.
463 1553 568 1628 Georg.
584 1551 623 1624 11,
639 1553 717 1614 119:
734 1569 842 1623 „acan
893 1550 1030 1624 lacrymae
1059 1549 1096 1606 ad
1120 1548 1209 1605 instar
1233 1567 1266 1606 ex
1284 1547 1383 1606 arbore

272 1681 280 1696 .
349 1638 412 1697 thos
427 1638 509 1695 arbor
523 1634 841 1712 estinhegyptossem-
894 1634 1051 1707 destillans,
1078 1634 1126 1709 qui
1154 1633 1257 1692 deinde
1277 1653 1385 1691 mucre-

349 1743 401 1802 per
419 1723 552 1782 frondens
563 1721 677 1779 utoiiva
694 1727 722 1780 et
734 1721 842 1778 laurus:
894 1720 946 1778 scit
963 1724 991 1777 et
1014 1719 1143 1778 durescit.
1189 1717 1274 1776 Unde
1288 1721 1390 1792 graui

350 1814 379 1868 et
398 1807 531 1866 acanthos
555 1807 645 1879 dieta,
672 1805 737 1881 quia
756 1805 842 1883 spinis
895 1804 950 1862 dici
962 1803 1019 1862 vult
1030 1822 1086 1860 non
1102 1803 1187 1860 modo
1200 1803 1346 1861 humorem
1360 1823 1395 1861 ex

349 1893 433 1973 plena
445 1893 519 1950 est.“
560 1891 645 1950 Plura
656 1889 842 1968 Theophrast.
893 1890 974 1967 spina
994 1887 1167 1965 Aegyptiace
1186 1890 1318 1963 guttatim
1344 1889 1398 1947 de·

349 1979 412 2040 hist.
430 1976 517 2056 plant.
532 1977 582 2051 lv,
602 1982 622 2042 2
644 1971 706 2054 §.8
729 1982 757 2035 et
771 1975 841 2034 Plin.
894 1977 1042 2047 fluentem,
1062 1975 1113 2032 sed
1130 1974 1211 2031 etiam
1225 1993 1261 2032 ex
1270 1974 1334 2032 aliis
1350 1993 1398 2032 ar·

349 2063 378 2124 h.
394 2082 422 2120 n.
448 2061 570 2136 tht‚9
594 2066 659 2120 sect.
678 2064 727 2125 19.
761 2059 844 2120 Nunc
893 2061 1015 2119 boribus.
1038 2057 1318 2133 Haeclahlonskius,
1333 2059 1394 2118 aliis

349 2148 459 2229 plurimi
482 2149 590 2226 spinam
612 2143 780 2224 Aegyptiam
794 2166 844 2205 seu
894 2163 1004 2222 quoque
1016 2164 1050 2202 ac
1063 2143 1141 2202 Plinii
1155 2143 1334 2221 potissimum
1352 2152 1395 2204 te·

349 2231 496 2306 Acacium,
518 2232 593 2291 cuius
614 2229 658 2290 hic
678 2233 782 2290 mentio
802 2233 843 2304 fit,
895 2229 1031 2290 stimoniis
1045 2229 1189 2295 adhibitis;
1210 2229 1303 2306 ipsam
1319 2231 1393 2289 enim

350 2317 506 2378 existimant
533 2320 668 2375 πάπποιπ
696 2315 845 2376 Niloticam
893 2335 990 2374 vocem
1011 2313 1147 2392 Aegyptio
1167 2335 1298 2375 sermone
1319 2317 1393 2374 iudi-

349 2402 432 2462 Lirm.
449 2403 531 2460 Cous.
542 2403 672 2462 Creuzeri
685 2409 843 2462 commentt.
894 2421 959 2472 aare
977 2399 1205 2458 consolidativum
1222 2400 1331 2459 tumidi
1349 2401 1392 2461 vei

349 2487 476 2546 Herodd.
489 2505 555 2565 pag.
568 2491 618 2552 59.
627 2491 684 2560 60,
707 2489 755 2562 qui
770 2507 843 2545 nunc
893 2492 1002 2564 guttam
1017 2485 1060 2544 rel
1076 2483 1387 2563 Ιαοτμινοπιτοππιλακ.

350 2574 444 2631 addit:
490 2573 649 2631 Schneider.
678 2573 716 2630 ad
749 2572 776 2630 Τ
777 2573 844 2632 heo-
878 2571 1177 2650 ,Aegyptiacamvocis
1191 2572 1386 2648 origiuemsta·

350 2657 453 2736 phrast.
467 2656 484 2715 l.
498 2656 516 2714 i.
537 2677 601 2734 pag.
615 2659 693 2729 291,
715 2663 744 2716 et
759 2657 844 2716 inter·
893 2658 948 2714 tuit
962 2675 1075 2733 quoque
1087 2657 1172 2715 Rossi
1192 2655 1298 2733 etymol.
1309 2656 1381 2734 Aeg.

350 2747 432 2820 prett.
449 2743 484 2799 ad
499 2741 613 2798 Homeri
626 2741 842 2816 Odyss.V,243
892 2761 921 2822 p.
941 2745 981 2806 91
1000 2761 1059 2817 seq.
1118 2737 1120 2740 ’

350 2845 429 2902 seqq.
443 2827 509 2902 ibiq.
525 2825 651 2883 Eustath.
663 2829 762 2903 p.218
778 2846 841 2903 sqq.
936 2824 1006 2906 περὶ
1022 2819 1162 2907 γόμφους
1183 2820 1317 2898 πυκνούς
1334 2823 1387 2887 καὶ

392 2914 434 2994 τῷ
457 2911 620 2989 Κυρηναίῳ
635 2909 736 2993 λωτῷ]
758 2911 843 2970 intel·
896 2907 1031 2992 μακρούς
1045 2913 1233 2992 περιείρουσι
1250 2907 1287 2973 τά
1303 2907 1386 2990 διπή-

351 2996 464 3072 ligenda
480 3001 523 3054 est
537 2996 691 3074 Cyrenaica
704 2997 846 3072 etLibyca
895 3018 947 3077 γεα
959 2991 1053 3072 ξύλα]
1074 2992 1190 3078 γόμφοι
1203 2999 1247 3056 hic
1263 2999 1389 3056 videntur

350 3080 670 3154 arborlotus,1thomnus
684 3081 844 3140 lotusLiun.
895 3102 959 3142 csse
972 3083 1059 3157 elavi,
1080 3085 1155 3160 iique
1171 3083 1252 3143 vaide
1265 3084 1340 3159 tongi
1354 3101 1387 3141 ac

351 3167 441 3242 (unde
455 3167 706 3244 lotophaginornen
717 3167 844 3242 habent),
893 3167 996 3244 lignei,
1018 3169 1115 3244 quihus
1134 3167 1218 3246 plura
1236 3169 1312 3246 tigna
1333 3169 1389 3242 (bi-

351 3252 426 3313 cuius
447 3253 484 3312 de
507 3253 594 3310 fructu
619 3251 843 3327 agith,177·
894 3253 1022 3312 cubitalia
1042 3253 1138 3328 qualia
1167 3254 1293 3312 dicuutur
1310 3254 1336 3312 h.
1355 3253 1389 3328 t.)

352 3337 444 3405 Quam
453 3355 518 3394 cave
533 3339 684 3395 confundas
700 3357 762 3396 cum
777 3338 844 3412 toto,
894 3339 1145 3410 connectebantur,
1158 3339 1383 3416 quemadmodum

351 3423 428 3479 cuius
442 3421 468 3478 li
476 3463 485 3495 ,
503 3425 546 3486 92
560 3423 727 3481 mentionem
742 3425 845 3482 fecerat
895 3423 924 3481 in
934 3423 1037 3480 ratibus
1052 3423 1092 3480 fit.
1109 3423 1208 3498 Neque
1220 3420 1286 3480 enim
1295 3419 1384 3476 omui.

339 3505 521 3566 Herodotus.
563 3506 608 3566 De
623 3506 776 3583 Cyrenaica
787 3507 845 3565 loto
894 3528 931 3566 no
948 3525 1035 3566 naves
1049 3507 1095 3568 hic
1106 3507 1213 3582 intelligi
1226 3523 1308 3582 posse
1320 3521 1382 3562 cre-

350 3589 468 3670 pimima
483 3591 574 3650 citavit
588 3591 754 3651 Crenzer.in
763 3593 846 3669 Sym·
895 3595 977 3665 dam,
1001 3595 1053 3653 sed
1066 3595 1160 3652 ratium
1171 3609 1266 3666 genus,
1280 3589 1383 3664 quihus

350 3673 406 3732 bol·
422 3674 432 3732 Ι
447 3694 513 3753 ρας.
529 3675 611 3749 508,
640 3678 687 3753 qui
702 3678 745 3735 hic
759 3679 846 3758 inpri-
894 3680 924 3736 in
932 3677 998 3736 Nilo
1005 3677 1166 3746 fuerintusi;
1178 3675 1205 3731 id
1213 3675 1290 3750 quod
1298 3675 1386 3734 etiarn

350 3759 401 3818 mis
416 3761 522 3818 confert
536 3760 639 3836 Odyss.
655 3761 706 3834 lx,
714 3761 755 3825 84
766 3783 844 3839 seqq.
893 3771 1016 3838 arguunt
1035 3769 1137 3832 costae,
1164 3777 1237 3834 quae
1256 3759 1384 3820 deerant.

393 3837 426 3904 τό
447 3838 479 3902 δὲ
499 3838 633 3925 δάκρυον
655 3839 749 3924 κόμμι
766 3845 843 3926 doct]
896 3851 980 3907 Cont.
996 3845 1200 3920 Wesseiiugium
1219 3845 1259 3902 ad
1281 3845 1311 3903 h.
1325 3845 1343 3904 i.
1357 3854 1385 3905 et

351 3929 433 3987 Cous.
448 3928 491 4003 ΙΙ,
509 3933 558 3994 86.
590 3930 645 3986 Hic
659 3930 774 3991 laudare
787 3935 846 3990 snt·
894 3935 1052 3992 Schneider.
1072 3932 1098 3988 in
1118 3930 1171 3988 lex.
1184 3929 1237 3988 Gr.
1281 3929 1384 3990 Lourm

351 4012 425 4072 ficiat
447 4015 614 4072 Strabonem
633 4014 714 4074 XVII
734 4036 763 4092 p.
781 4017 843 4082 556
894 4019 986 4096 ipsum
997 4018 1058 4076 inde
1071 4016 1110 4073 sic
1121 4015 1215 4074 reddit
1230 4015 1386 4093 Schweigh.

351 4103 381 4156 et
404 4097 589 4175 Theophrast
612 4097 630 4157 l.
653 4098 672 4157 l.
710 4100 844 4179 iacrymas
896 4102 1015 4163 intexio.
1024 4101 1130 4159 Herod.
1141 4121 1165 4158 s.
1173 4121 1200 4158 v.
1208 4101 1386 4182 περιείρεινε

351 4183 449 4260 spinae
457 4181 612 4260 Aegyptiae
626 4177 721 4263 κόμμι
736 4207 758 4243 s.
767 4207 847 4264 gum·
898 4192 1026 4264 „circum
1038 4186 1128 4246 ctuuor
1148 4185 1250 4264 ligneos
1260 4187 1387 4266 frequen·

350 4267 389 4324 mi
403 4265 457 4324 dici
472 4268 674 4328 confirmantes.
706 4271 758 4329 Est
770 4291 846 4345 vero,
897 4279 936 4332 tes
956 4280 981 4332 et
998 4273 1157 4351 praelongos
1173 4277 1330 4332 iuraruutct
1344 4275 1386 4332 ιἰι-

351 4351 441 4408 iudice
454 4350 611 4410 iablonskio
626 4374 700 4413 socc.
711 4355 845 4435 Aegypti.
895 4363 1005 4418 mount
1023 4359 1183 4418 διἰυδλλιιλὶιι
1194 4359 1299 4434 lr'grtu.“

351 4454 417 4516 pag·
435 4433 513 4512 114,
540 4438 701 4500 vocandum
723 4441 777 4501 hoc
790 4442 846 4502 Ae·
938 4437 1031 4506 ἐπεάν
1054 4439 1090 4506 δὲ
1110 4449 1151 4530 cpi
1170 4441 1267 4529 τρόπφ
1280 4436 1385 4523 τούτῳ]
