3012 5182
450 429 841 492 EUTERPE.11.
1047 433 1111 495 ooo

167 603 373 686 Βακχικοῖσι,
397 598 490 667 ἐοῦσι
511 596 546 666 di
567 597 792 683 Αἱρνκιίοισι,
820 597 877 664 καὶ
899 596 1110 682 Πυθαγορεί-

138 723 244 790 4οισι.
265 716 344 787 odii
360 719 423 805 polo
444 713 574 786 τούτων
593 722 661 784 τῶν
681 713 802 804 ὀργίων
821 716 996 803 μετέχοντα
1014 703 1111 785 ὅσιόν

164 837 230 906 ἔστι
259 837 295 906 ἐν
322 839 489 924 εἰρινέοισι
522 839 631 922 εἵμασι
665 841 851 925 θαφθῆναι.
890 835 958 905 ἔστι
979 836 1015 905 di
1036 835 1152 923 κερ195

164 952 277 1025 αντοίν
297 958 368 1043 ιρὸς
394 953 493 1044 λόγος
513 954 694 1043 λεγόμενος.

54 1091 117 1161 82
246 1076 315 1145 Καὶ
343 1072 421 1146 τάδε
448 1075 532 1144 αλλα
558 1077 767 1162 Αἰγυπτίοισί
792 1075 861 1144 ἐστι
892 1074 1189 1164 ἐξευρημένα·111
1149 1131 1200 1184 W
1190 1093 1284 1176 qq„
1216 1085 1323 1176 ‘'m“
1310 1081 1359 1176 dp·

161 1197 230 1282 μείς
251 1219 286 1264 τε
306 1195 404 1267 κα1’
382 1195 486 1285 ημέρη
516 1194 635 1285 ἑκάστη
661 1194 791 1264 θεῶν”
771 1220 846 1264 oren
867 1197 951 1264 idol·
988 1196 1044 1265 καὶ
1064 1201 1184 1284 epm,
1146 1143 1224 1226 ‘¹¹⁸⁸‘
1165 1245 1245 1289 ..vm
1209 1191 1313 1288 ‘miii'
1311 1184 1359 1279 lul.

163 1313 298 1396 ἕκαστος
323 1315 428 1404 ἡμέρῃ
454 1314 647 1404 γενόμενος,
686 1313 806 1384 ὁτέοισι
827 1315 1017 1405 ἐγκυρήσει,
1050 1317 1107 1386 καὶ
1148 1246 1203 1328 ””
1204 1284 1286 1330 m

118 1634 272 1702 memoret,
292 1631 439 1690 tenendum
453 1637 512 1706 est,
531 1629 611 1689 huius
660 1630 699 1690 tie
725 1631 895 1708 gignentem.
938 1631 1019 1700 Quae
1049 1629 1151 1708 insigni

119 1712 285 1792 disciplinae
316 1715 436 1774 institute
466 1717 612 1776 maximnm
660 1714 769 1794 Apuleii
783 1715 844 1775 looo
867 1717 896 1774 in
911 1716 1023 1795 apolog.
1042 1735 1071 1793 p·
1087 1712 1151 1780 495

119 1805 230 1878 partem
243 1801 360 1878 repetito
371 1802 456 1861 videri
469 1821 503 1861 ex
518 1807 612 1860 vetere
661 1801 765 1879 optime
783 1801 986 1860 oonlimmntur.
1033 1799 1150 1873 Lenem,

118 1883 300 1960 Orphioorum
308 1885 450 1964 disciplina
462 1906 495 1946 ac
506 1886 610 1944 doetri-
661 1887 853 1962 segnissimom
865 1887 986 1964 conponis
994 1903 1151 1945 excremen-

115 1987 171 2041 ταις
205 1970 280 2030 unde
307 1971 396 2049 ipsum
424 1971 610 2048 Pythagoram
660 1977 737 2044 tum,
766 1971 860 2050 pecori
887 1971 1061 2044 detractam,
1095 1969 1150 2028 iem

115 2053 391 2133 Orplieismysteriis
406 2057 537 2115 mitiotum
551 2055 611 2114 vul-
659 2056 726 2115 inde
746 2057 781 2114 ob
802 2055 907 2134 Orphei
928 2061 956 2115 et
975 2054 1152 2132 Pythagorae
1208 2107 1213 2118 .

115 2159 154 2216 go
169 2139 319 2200 iootobnnt
362 2141 434 2215 His,
450 2159 522 2217 quoe
535 2161 611 2200 snm·
659 2146 753 2201 aetate
773 2141 838 2200 dicit
859 2144 1004 2220 profanum
1021 2159 1084 2200 esse
1103 2160 1152 2200 ve-
1197 2155 1200 2162 ·

114 2224 211 2283 metim
226 2227 323 2303 posui,
351 2224 432 2305 ploro
457 2233 541 2302 etque
564 2246 610 2286 oo-
660 2227 762 2284 stimm.
799 2226 858 2285 Sed
872 2227 1152 2286 mundissimnmesse

114 2309 255 2368 corretion
282 2311 329 2387 qni
355 2310 515 2384 desideret,
548 2331 610 2371 eom
659 2309 707 2369 lini
722 2318 862 2388 segetem,
876 2311 948 2370 inter
963 2311 1080 2390 optimos
1095 2312 1153 2370 sru-

115 2391 275 2468 ablegatum
289 2394 411 2454 volumus
426 2395 464 2454 nd
480 2396 610 2456 Crenzeri
659 2415 710 2473 ges
724 2403 815 2456 terroe
830 2403 953 2455 exortem
967 2403 1018 2457 ete.

114 2581 196 2640 teqq·
218 2567 278 2630 171
294 2584 373 2642 seqq.

161 2639 248 2711 ὅσιόν
265 2647 328 2712 ἔστι
347 2648 381 2712 ἐν
397 2648 600 2729 similiores*
570 2671 610 2712 ει-
703 2649 768 2730 μείς
784 2672 815 2713 τε
828 2647 880 2711 καὶ
900 2646 1058 2732 ημέρη-
1071 2649 1151 2732 ἔστί]

116 2751 190 2837 μασι
205 2738 384 2841 &epopeus
412 2735 471 2798 ἔστι
493 2733 525 2798 dl
540 2733 611 2816 mol
660 2733 725 2794 Seil.
748 2729 809 2816 ἱρή.
861 2735 893 2793 Si
913 2743 987 2797 reete
1003 2737 1152 2817 disputavit

116 2810 219 2880 ooeoiv
237 2815 303 2896 [ρος
320 2814 413 2904 λόγος
431 2815 610 2902 λεγόμενος]
660 2818 879 2894 Μίο1.,(ὶε11ιιε
900 2821 1037 2882 Herodoti
1064 2824 1151 2884 inter·

114 2901 182 2962 Vid.
193 2902 230 2976 ll,
247 2909 298 2978 87,
308 2906 355 2964 obi
373 2907 533 2988 primarium
544 2906 611 2965 Plu-
659 2925 741 3004 pres,
768 2906 837 2966 hneo
857 2913 963 2965 tentum
981 2909 1017 2968 de
1037 2908 1150 2985 singulis

115 2987 204 3048 torem
221 2946 310 3047 loourlr
332 2991 368 3051 de
383 2991 449 3051 leid.
464 2998 493 3050 et
507 2992 609 3050 Osirid.
660 2991 791 3068 uniusque
828 2991 1009 3050 hebdomadis
1044 3001 1151 3072 septem

114 3093 146 3152 p
163 3073 368 3143 851,οΒ
361 3095 415 3137 rnm
430 3075 610 3136 laudavimus.
659 3076 756 3135 diebos
777 3075 1001 3152 intelligenda,'
1001 3095 1092 3152 neque
1113 3077 1150 3136 de

116 3157 177 3225 Qui
188 3175 283 3215 veram
304 3158 383 3218 huius
400 3163 483 3220 moris
499 3181 610 3220 enusem
659 3162 789 3220 continue
803 3163 909 3220 dierum
924 3160 1150 3238 sem'epertotum

115 3261 180 3301 eom
209 3259 271 3300 esse
291 3244 386 3320 ponit,
412 3249 485 3322 qood
511 3265 610 3326 purum
660 3263 771 3305 annum.
814 3246 886 3302 Sunt
907 3263 971 3304 vero
988 3245 1057 3303 haec
1076 3249 1151 3304 orote

114 3328 195 3402 tongi
208 3345 226 3384 n
239 3345 296 3386 non
311 3347 382 3406 puro
398 3331 433 3388 sit
444 3333 531 3390 nelos.
554 3330 611 3390 La·
661 3331 807 3390 coniuncto
828 3350 888 3390 cum
907 3329 1035 3388 universe
1056 3327 1152 3406 Aegy·

115 3429 154 3470 na
167 3413 240 3471 enim
261 3431 330 3472 com¹
343 3431 378 3472 ex
395 3414 548 3474 animalium
561 3436 610 3476 ex·
661 3416 780 3495 ptiorum
800 3414 947 3492 religione,
969 3416 997 3472 in
1018 3433 1072 3491 qne
1087 3413 1150 3492 plu-

116 3496 261 3556 erementis
286 3506 417 3558 nascetur
446 3501 612 3578 minimeque
660 3501 729 3558 rime
744 3501 781 3558 ed
798 3502 866 3559 deos
886 3499 1046 3559 colendares
1063 3507 1092 3559 et
1107 3519 1152 3558 rn-

116 3579 230 3640 indeed
243 3601 314 3659 poro
326 3585 476 3662 pertineat,
484 3588 606 3663 prolecto
656 3586 746 3644 tiones
759 3586 954 3644 astronomicas
969 3584 1151 3664 physicosque

115 3683 173 3724 non
195 3675 410 3728 consentaneum
432 3689 494 3728 eom
519 3671 554 3729 eb
574 3673 606 3732 iis
657 3669 744 3729 relata
762 3670 893 3729 videmus.
935 3671 980 3730 De
994 3690 1049 3746 quo
1064 3689 1151 3747 expo-

116 3753 239 3827 gestori,
262 3754 404 3830 quiquam
419 3756 537 3814 maxime
545 3757 607 3834 puri
657 3774 723 3815 nere
735 3753 851 3831 longum
870 3760 921 3815 est
962 3757 1046 3814 Conl.
1064 3755 1152 3814 Creu-

114 3841 201 3911 ntqne
221 3838 289 3895 eneti
307 3840 412 3913 videri,
443 3845 471 3900 et
492 3861 522 3900 re
541 3860 607 3900 vera
657 3860 712 3899 zer.
736 3840 860 3916 Symbol.
883 3841 897 3898 1
920 3859 986 3919 pag.
1007 3842 1069 3906 395
1091 3860 1150 3916 seq.

113 3920 227 3996 puritati
248 3928 277 3980 et
300 3925 423 4002 eorporis
450 3935 479 3985 et
500 3945 607 3984 morum
657 3925 778 3984 Heeren.
792 3926 876 3986 ldeen
890 3933 941 3986 etc.
959 3925 1150 4002 11‚2p.158.

114 4005 227 4065 studere
243 4007 371 4069 debeant.
412 4011 608 4084 Enimvero,
658 4010 795 4070 Gesenins
824 4013 861 4070 nd
892 4011 972 4070 lesei.
999 4009 1085 4080 XIX,
1110 4013 1151 4075 12

114 4091 192 4165 quod
205 4098 301 4150 eterno
316 4095 606 4169 nosenlurimmortoli,
657 4114 722 4174 pag.
737 4099 808 4160 621.
838 4095 981 4155 Letronne
1001 4095 1150 4152 observott.

112 4181 220 4234 vestem
242 4178 370 4240 exhibere
389 4201 486 4260 puram
507 4201 541 4239 ne
564 4185 609 4238 te·
659 4198 707 4238 sur
721 4178 760 4238 les
775 4181 884 4256 zodioq.
907 4197 971 4256 peg.
984 4179 1026 4244 58
1038 4197 1117 4254 seqq.

111 4263 381 4338 nnem,enimnlinm
396 4267 568 4326 immunditie
580 4275 609 4324 et
701 4261 828 4342 inlotos]
860 4264 932 4323 Tres
961 4264 1023 4322 libri
1048 4263 1150 4336 τέοισι,

112 4347 293 4405 excrementis
317 4347 390 4410 houd
408 4352 537 4410 infectam
557 4369 609 4410 neo
657 4350 736 4424 quod
755 4369 805 4426 per
828 4370 859 4407 se
879 4367 935 4406 non
963 4349 1169 4407 damnandum-

112 4429 204 4507 ἱρεῦσι
224 4432 352 4492 wolin
372 4455 440 4514 pree
461 4436 608 4496 inmundi·
658 4432 761 4492 iudicet
774 4434 876 4492 Strnre
896 4451 970 4512 spec.
988 4439 1095 4509 quaest.
1115 4433 1152 4493 de
