2990 5228
367 439 370 452 “
415 454 481 517 sn
515 454 973 531 uenenorum.
1202 457 1267 520 neo
1313 541 1314 547 Ν

124 628 154 690 in
172 630 313 710 specimrn.
331 628 430 692 acodd.
448 627 587 705 nrsneq.
601 628 685 706 1787
705 631 802 695 nroz
823 632 852 688 et
873 627 903 686 in
926 645 1037 708 opusoc.
1058 625 1152 708 (Lips.
1168 630 1267 706 1808)

125 731 173 792 cl
191 751 259 812 pag·
281 731 343 798 162
358 749 437 809 seqq.
451 731 575 810 inprimis
597 750 664 809 pag.
683 730 745 797 165
757 749 835 808 seqq.
859 733 920 795 170
935 749 994 807 seq.
1012 735 1041 789 et
1063 736 1129 790 ante
1149 730 1267 792 Valcke-

125 836 231 894 narium
252 835 428 910 Harenberg.
448 836 478 894 in
498 833 623 894 biblioth.
641 834 734 894 Brem.
751 832 791 892 Vl
810 835 879 896 fasc.
895 833 922 892 ll
941 853 970 912 p·
985 834 1049 899 282
1070 853 1149 910 seqq.
1192 833 1267 893 Alias
1289 835 1293 842 “

124 937 240 998 aliorum
261 935 413 997 sententies
433 937 549 1014 praebet
570 935 738 1013 wesseling.
764 936 794 994 in
814 941 874 996 not.
896 936 934 995 ad
954 935 1061 994 Herod.
1080 935 1123 1010 ll,
1148 935 1209 1000 159
1238 942 1268 997 et
1363 929 1365 936 ’
1425 899 1428 916 .

122 1039 177 1115 111,
192 1039 213 1106 6
235 1046 265 1101 et
276 1040 372 1117 Heyse
395 1043 500 1117 quaest
511 1039 619 1099 Herod.
636 1038 650 1097 l
667 1059 733 1118 pag.
747 1036 904 1112 94—96,
933 1037 981 1116 qul
998 1037 1059 1115 ipse
1075 1038 1106 1096 ln
1127 1037 1267 1098 Herodoti

123 1141 193 1202 locis
208 1142 313 1214 Gcsom
328 1141 444 1220 intelligi
456 1142 529 1216 vnlt3
549 1161 633 1220 quum
653 1143 750 1202 urbem
768 1142 838 1201 mari
856 1141 1009 1221 proximam
1035 1141 1059 1200 si
1079 1141 1201 1201 indicare
1218 1160 1268 1199 ro-

122 1243 223 1304 luisset
239 1244 418 1322 Herodotus,
438 1265 488 1305 suo
505 1251 579 1306 certe
599 1244 698 1324 opinor
712 1246 824 1306 nomine
843 1245 1010 1319 indicasset,
1032 1262 1092 1304 cum
1114 1261 1192 1302 oram
1209 1262 1269 1303 ma-

123 1347 244 1407 ritimam
267 1353 414 1425 totumque
443 1347 518 1407 illum
540 1353 657 1407 tractum
678 1347 741 1426 ipre
765 1347 957 1426 perlustrasset
976 1347 1097 1424 indeque
1116 1347 1268 1406 accuratius

123 1449 310 1528 cognovisset
352 1451 415 1511 Nec
429 1469 542 1510 moveor
560 1450 609 1524 iis,
630 1468 704 1527 qnae
718 1449 867 1527 disputarit
883 1448 1048 1509 Billerbeclr.
1064 1449 1093 1508 in
1105 1449 1173 1508 ‹licr-
1185 1446 1270 1507 Asiae

126 1553 232 1612 Herorl
248 1551 354 1612 difficil.
374 1571 441 1632 pag.
455 1555 496 1627 7,
518 1552 565 1610 ubi
588 1552 695 1612 Gosom
716 1551 813 1610 urbem
832 1551 946 1611 indicari
967 1551 1042 1611 idem
1058 1552 1218 1622 contendit,
1240 1557 1270 1610 et

128 1672 200 1731 quae
219 1655 375 1734 nuperrime
399 1654 531 1736 peculiari
551 1654 699 1733 scriptione
719 1654 847 1714 disseruit
872 1652 906 1714 F.
921 1655 1044 1731 Hitzig.:
1077 1653 1139 1726 „de
1163 1652 1267 1729 Cadyti

127 1757 194 1817 urbe
208 1758 397 1819 Herodctea“
419 1759 547 1835 Gotting.
563 1761 664 1832 1829,
686 1757 783 1834 quiet
803 1757 865 1837 ipsc
883 1775 941 1815 non
959 1757 1014 1815 nisi
1034 1756 1140 1814 cmm
1159 1755 1204 1815 hic
1224 1756 1268 1813 in-

126 1859 213 1938 telligi
224 1881 309 1940 posse
324 1861 452 1939 opinator
470 1863 599 1938 adeoque
618 1860 808 1921 Herodotearn
829 1859 907 1920 urbis
927 1858 1138 1938 appellationem
1157 1877 1192 1918 ex
1205 1858 1267 1939 ipso

122 1964 219 2022 Gazae
236 1965 348 2024 nomine
366 1966 519 2026 derivatam
536 1963 603 2024 vult.
699 1944 703 1952 ¹
