3012 5182
467 387 780 449 EUTERPE.
823 389 858 449 11.
1065 392 1130 456 dd‘t

59 558 136 628 8¹}
180 553 237 636 ροί
264 551 335 620 εἰσι.
375 549 417 618 Ἡ
441 553 477 620 δὲ
508 552 636 641 ἰητρικὴ
661 550 746 620 κατὰ
774 551 851 622 scida
878 567 940 638 σφι
966 550 1127 622 δέδασται.
1169 553 1379 599 Maaternunrm

178 672 401 760 andevotum
422 672 558 752 ἕκαστος
579 669 691 760 ἰητρός
720 672 804 753 ἐστι,
834 673 890 741 καὶ
911 671 952 740 od
972 674 1132 742 alcinoo.
1169 605 1249 649 mm

155 792 290 861 anciaco
313 789 345 861 δ’
368 795 491 880 ἰητρῶν
512 792 579 860 ἐστὶ
598 793 688 860 πλέοι.
711 795 745 861 οἱ
764 791 921 880 μὲνγὰρ,
943 787 1130 880 ὀφθαλμῶν

180 913 289 1001 ἰητροὶ
316 912 520 980 κατεστέαοο·
559 914 593 980 ol
613 912 663 993 dl,
690 917 852 999 κεφαλῆς·
896 914 930 980 ol
950 913 1004 994 di,
1030 911 1130 982 ὀδόν·
1140 925 1172 982 15

178 1055 264 1102 τον·
287 1035 321 1100 ol
341 1032 393 1112 di,
416 1037 484 1100 τοῖν
505 1030 589 1100 κατὰ
609 1032 729 1120 νηδύν·
761 1035 795 1100 οἱ
816 1031 866 1114 δὲ,
887 1037 956 1100 τῶν
976 1030 1132 1119 ἀφανέων

182 1149 323 1221 νούσων.

72 1279 139 1352 85
268 1275 393 1358 Θοῆνοο
414 1270 450 1338 dl
473 1269 529 1338 uui
550 1271 654 1358 ταφαί
674 1287 801 1357 σφεων,
838 1270 900 1339 elul
922 1271 1001 1338 uida.
1043 1275 1128 1339 τοῖσι
1170 1283 1382 1390 {agglfffiggmgfts

136 1589 224 1642 caute
245 1581 412 1659 Schweigh.)
440 1585 548 1659 modus,
579 1603 633 1664 quo
681 1586 729 1662 qni
742 1582 880 1643 Herodoti
899 1581 988 1643 locum
999 1588 1066 1644 aute
1079 1583 1172 1642 ocrdos

138 1667 317 1726 reddebantur
336 1667 451 1728 oraculo.
680 1670 810 1730 habuisse
829 1668 945 1727 videtur.

808 1796 895 1875 cap.
916 1793 1062 1854 cxxxv.

726 1925 841 2005 Θρῆνοο
854 1918 886 1984 δὲ
900 1919 1174 1997 καὶταφαίοφεοον,

181 2010 253 2087 μιῆς
267 1999 382 2069 νούσου
397 2006 517 2080 ἕκαστος
529 2001 632 2089 ἰητρός
682 2007 741 2073 alal
760 2005 836 2086 uide]
859 2008 988 2084 Sequitur
1003 2008 1078 2068 locus
1090 2010 1176 2066 maxi-

135 2091 216 2164 ἔστι]
251 2091 347 2151 Artem
368 2094 503 2152 medicam
524 2115 584 2152 mm
614 2113 632 2152 a
680 2115 727 2156 me
760 2093 944 2153 memorabilis
973 2091 1009 2152 de
1036 2093 1176 2172 sepulturi

136 2178 330 2238 sacerdotibus
344 2178 633 2238 exercitamesseoon·
681 2187 806 2240 veterum
837 2176 1054 2254 Aegyptiorum,
1092 2198 1175 2254 quem

137 2269 213 2335 stet,
235 2261 278 2319 vel
290 2263 355 2321 inde
376 2282 483 2321 summa
496 2263 574 2321 huius
586 2283 632 2322 ar·
681 2285 743 2324 erum
779 2265 980 2323 accuratissime
1019 2265 1176 2322 tractaverit

137 2348 177 2406 tis
205 2366 267 2405 cum
294 2347 442 2423 astrologia
476 2349 630 2407 coniunctio
682 2351 836 2409 Creuzerus
850 2348 1175 2408 incommentfflerodd.

137 2435 275 2509 apparet,
289 2433 418 2506 quoniam
431 2433 558 2492 universa
573 2451 632 2490 cor·
682 2453 744 2513 cap.
760 2435 772 2492 l
787 2433 898 2512 potiora
910 2433 973 2492 hinc
989 2434 1026 2491 ad
1039 2433 1175 2493 Herodoti

138 2516 214 2594 poris
224 2516 336 2574 humani
345 2516 493 2596 descriptio
500 2520 537 2576 ad
544 2524 633 2576 astro·
682 2520 766 2578 verba
779 2519 887 2594 singula
901 2518 1061 2576 illustranda
1073 2525 1176 2576 totum-

138 2601 241 2678 logiam
263 2600 351 2660 relata
370 2604 551 2680 singulaeque
572 2603 633 2662 cor·
684 2624 737 2682 que
757 2623 861 2663 morem
881 2605 934 2663 rite
954 2604 1176 2682 perspiciendum

139 2687 214 2767 poris
236 2693 331 2765 partes
353 2688 390 2745 ad
416 2689 540 2765 singulos
563 2691 632 2748 deos
682 2692 888 2748 transferamus.
921 2689 989 2747 Post
1009 2690 1176 2747 Creuzerum

140 2772 338 2830 astronomicus
367 2781 514 2833 revocatae
544 2780 633 2834 erant.
684 2775 817 2834 nonnulla
830 2793 941 2851 quoque
953 2775 1042 2842 attulit
1051 2773 1178 2832 Minutoli

139 2857 225 2916 Unde
244 2858 366 2932 sactum,
395 2865 426 2918 ut
454 2861 635 2934 quemadruo-
684 2862 726 2920 in:
739 2860 899 2935 Nachtrkige
910 2866 961 2917 etc
974 2879 1002 2936 p.
1014 2858 1074 2924 194
1087 2879 1178 2936 seqq.,

141 2942 207 3000 dum
237 2941 360 3017 partibus
392 2943 508 3020 singulis
536 2943 635 3021 singrdi
686 2945 785 3021 quibus
806 2963 857 3002 sno
879 2945 940 3002 loco
962 2949 1077 3002 utemur.
1121 2941 1178 3002 llic

140 3029 305 3104 praeessent
320 3025 372 3100 dii,
392 3030 432 3087 ita
445 3029 528 3088 etiam
542 3047 653 3088 earum,
686 3031 714 3086 in
741 3031 897 3088 universnm
925 3046 1069 3086 monemus
1090 3033 1119 3086 et
1143 3045 1178 3086 ex

142 3107 335 3183 allectionibus
358 3129 391 3170 ac
410 3114 513 3172 morbis
539 3112 637 3190 cinguli
686 3113 815 3174 lllinutoli
829 3113 899 3172 libro
918 3113 937 3171 l.
958 3131 1024 3191 pag.
1044 3115 1103 3176 191
1119 3129 1178 3186 seq.

54 3221 57 3226 Δ
140 3192 336 3274 prospicerent
348 3197 446 3255 medici
468 3200 525 3258 sive
547 3217 637 3258 sacer·
687 3201 852 3279 repetimus,
880 3217 984 3257 morem
1011 3196 1094 3254 istum
1115 3212 1182 3254 con·

141 3279 233 3339 dotes
277 3278 451 3356 Quamquam
468 3284 526 3344 iure
546 3289 634 3342 datu·
661 3286 780 3354 ldieudi
806 3284 1110 3362 cadavera‚·perquam
1131 3297 1180 3338 re·

142 3365 258 3430 endum,
278 3363 404 3438 videaur,
435 3364 633 3445 Aegyptiorum
683 3377 799 3440 tostum,
814 3387 870 3426 non
884 3368 971 3427 solum
984 3367 1089 3444 priscas
1105 3364 1180 3442 apud

140 3457 230 3508 artem
251 3449 341 3524 magis
361 3451 532 3510 ‹liaeteticam
551 3473 633 3530 qnam
684 3462 784 3532 gentes
798 3471 868 3530 quas
883 3454 1006 3512 norimus
1018 3451 1179 3521 obtinuisse,

141 3539 243 3592 vocant
257 3535 355 3608 tuisse,
378 3555 564 3612 quamverum
577 3560 636 3599 me-
685 3540 882 3599 verumetiam
904 3539 932 3595 in
954 3536 1113 3611 regionibus
1135 3555 1180 3594 re·

143 3619 228 3676 alendi
243 3626 338 3680 artem
383 3619 468 3680 Unde
490 3623 570 3680 etiam
586 3644 634 3682 ex·
686 3645 752 3684 cens
769 3625 883 3681 detectis
900 3624 975 3700 apud
982 3622 1123 3680 Pemanos
1137 3626 1181 3678 at-

142 3703 278 3780 plicantur
293 3713 418 3764 accurrate
439 3705 484 3764 illa
498 3707 634 3768 interioris
686 3729 740 3786 que
754 3708 913 3767 Mexicanos
929 3713 1040 3784 reperta
1054 3726 1117 3764 esse
1129 3723 1180 3762 ca-

142 3788 307 3846 oouditionis
322 3789 477 3850 hominibus
493 3793 553 3851 dari
568 3794 635 3852 soli·
685 3796 788 3853 davera
806 3793 919 3862 similem
936 3793 965 3849 in
982 3793 1112 3863 modum,
1125 3808 1180 3865 quo

142 3878 351 3952 tapraecepta,
373 3877 464 3952 qualia
486 3897 571 3956 supra
592 3880 635 3936 in·
686 3879 762 3957 apud
774 3877 926 3955 Aegyptios
948 3876 1049 3948 fiebat,
1069 3875 1181 3935 condita

142 3957 266 4016 venimus
281 3959 324 4032 ll,
337 3963 386 4022 77.
409 3961 455 4019 Tu
470 3964 542 4019 cont.
559 3964 635 4022 Hec·
685 3970 770 4039 atque
795 3964 924 4040 reposita.
973 3963 1080 4019 Causas
1107 3978 1182 4031 vero,

143 4059 203 4098 reu.
218 4041 259 4116 ll,
274 4049 295 4108 2
309 4063 374 4122 pag.
391 4048 451 4110 165
465 4066 525 4122 seq.
547 4047 635 4106 Creu*
687 4066 761 4123 quae
788 4045 940 4122 Aegyptios
970 4045 1181 4116 commoverint,

142 4145 200 4184 zer.
217 4127 339 4203 symbol.
364 4130 376 4188 l
398 4149 465 4208 pag.
481 4131 553 4196 896.
595 4132 638 4189 Ex
688 4138 721 4189 ut
742 4137 800 4188 mm
823 4151 941 4208 operose
958 4132 1101 4190 condirent
1131 4129 1183 4186 dc·

141 4211 194 4284 iis,
222 4231 295 4288 quae
320 4215 520 4291 Wesselingius
547 4216 640 4274 attulit
688 4218 843 4282 tunctorum
855 4216 1006 4287 cadavera,
1027 4215 1119 4293 plures
1135 4231 1183 4271 ex·

141 4297 182 4352 nd
197 4295 224 4354 h.
238 4295 273 4370 l.,
294 4297 416 4376 inprimis
436 4303 510 4360 cont.
525 4299 637 4358 Maxim.
690 4306 780 4370 staut3
804 4299 841 4359 de
853 4299 954 4377 quibus
968 4299 1024 4357 vid.
1038 4317 1181 4358 accursum

143 4377 215 4456 Tyr.
227 4382 325 4442 disset.
339 4383 471 4461 xxxw,
486 4390 505 4450 1
520 4405 549 4464 p·
565 4377 639 4460 40¹3,
690 4385 730 4444 ad
744 4384 771 4444 lr.
788 4383 806 4443 l.

208 1837 213 1843 ’
253 1879 334 1960 cap.
362 1878 518 1941 cxxxiv.
