2990 5228
252 443 317 506 m
490 441 700 506 EXCURSUS
722 443 749 503 V
768 442 823 504 nl>
836 440 1042 508 flnnonoT.
1063 443 1107 514 Π,
1131 448 1178 509 17.

253 614 392 676 curandus
406 633 469 676 esse
483 614 616 674 vneror.
659 613 770 693 Quippe
782 613 908 674 mnalem
920 615 1060 691 quendam
1074 614 1195 693 Aegypti
1214 612 1358 674 interioris
1381 625 1410 676 et

253 717 313 778 eius
327 716 441 796 quidem
453 717 557 796 partis,
579 716 626 776 ubi
643 714 774 775 Bncolioa
788 716 843 774 sint
862 714 953 790 (node
970 715 1092 776 Bucolici
1114 715 1187 775 tlnrii
1206 719 1346 793 maren),
1371 721 1409 778 ab

250 818 397 879 Herodoto
410 820 555 878 contendit
570 835 621 898 pro
634 836 690 876 uno
703 817 740 876 de
756 823 865 896 septem
879 818 958 876 ostiis
968 835 1031 878 esse
1045 817 1179 878 habiturn.

333 921 360 980 E
374 922 561 997 Sebennytico
576 921 646 978 ostio
660 920 718 978 duo
731 918 787 978 alia
798 921 936 981 orientem
948 939 1045 980 venua
1061 921 1180 980 deducta
1198 921 1294 980 scr-hit
1307 921 1408 982 liero-

249 1025 349 1100 dotus,
370 1026 506 1086 Saiticum
526 1029 554 1083 et
570 1021 757 1082 Mendesium:
801 1020 939 1082 Sutiruss
955 1023 1058 1082 ostiam
1077 1023 1153 1081 haud
1174 1023 1315 1083 diversum
1337 1045 1405 1086 esse

252 1125 430 1200 a'l'anitioo,
451 1131 564 1186 auctore
582 1124 723 1185 Strabone
739 1123 820 1183 XVII
831 1143 899 1204 pag.
915 1129 979 1190 802
998 1147 1020 1185 s
1034 1146 1063 1206 p
1079 1123 1164 1190 11⁵4
1182 1125 1269 1203 vulgo
1290 1135 1402 1206 ponunt

252 1229 376 1308 indeque
393 1229 530 1290 Herodoti
549 1229 580 1288 in
596 1227 659 1288 loon
677 1226 886 1288 rescribendum
906 1247 968 1288 erse
981 1233 1096 1289 omnent
1114 1220 1283 1289 Τανιτικόν.
1328 1229 1399 1304 Sed,

253 1351 326 1409 quae
339 1333 441 1390 dudum
455 1330 636 1409 ll'esselingii
660 1335 720 1392 arat
741 1330 898 1404 sententia,
925 1330 1000 1390 libris
1022 1331 1132 1409 seriptis
1154 1330 1273 1388 omnibns
1292 1331 1397 1389 adrer-

252 1434 392 1508 santibus,
412 1435 443 1492 iu
456 1433 624 1506 Herodoteo
644 1437 722 1493 textu
744 1430 810 1490 nihil
831 1434 1003 1493 mumdum.
1045 1433 1169 1493 Gravius
1188 1431 1253 1490 haud
1272 1433 1326 1490 sn'o
1346 1451 1387 1490 an

249 1534 315 1594 illud
329 1533 384 1608 sit,
405 1535 483 1613 quod
505 1534 560 1594 alia
579 1553 693 1614 prorsus
715 1533 746 1592 in
761 1533 863 1593 Deltae
882 1540 964 1614 parte¹
983 1537 1046 1595 Sais
1065 1536 1133 1595 urbs
1155 1534 1210 1594 sita
1227 1534 1295 1606 luit,
1310 1539 1383 1591 trans

250 1637 468 1712 Sebennytionm
481 1637 581 1696 ostium
594 1637 767 1696 occidentem
780 1655 885 1696 venus.
928 1637 1115 1715 Wesselingio
1128 1637 1158 1695 in
1178 1642 1300 1696 mentun
1313 1655 1398 1696 rene-

250 1745 309 1812 rat,
331 1742 459 1820 potuisse
472 1758 574 1798 nornen
589 1739 679 1820 repeti
695 1740 732 1798 ab
750 1738 861 1798 Saitica
880 1739 1072 1819 praefectura,
1093 1757 1176 1816 quam
1197 1739 1234 1798 ab
1255 1739 1403 1801 ooddmte

249 1841 368 1901 radebat
385 1841 499 1913 florian
526 1839 619 1901 malim
642 1843 771 1920 equidem
791 1849 932 1918 statuere,
956 1841 1049 1901 Tauria
1066 1842 1179 1916 nbem,
1208 1843 1285 1903 unde
1301 1845 1402 1902 durius

253 1941 414 2018 Taniticus,
447 1943 512 2002 olim
534 1943 606 2006 Soio
627 1964 741 2023 quoque
759 1946 929 2004 nominatam
944 1946 1047 2018 fuisse,
1074 1943 1196 2021 indeque
1213 1946 1398 2024 repetendum

249 2045 347 2104 Saitici
361 2047 425 2104 ostii
438 2063 550 2108 nomen.
593 2049 668 2110 Nam
687 2045 814 2126 plerique
827 2047 887 2107 VV.
903 2047 968 2107 DI).
989 2052 1087 2106 nostra
1100 2052 1191 2107 aetate
1213 2047 1353 2107 δαιῖἰιυιι
1369 2055 1400 2108 et

252 2148 407 2208 rmum
420 2167 472 2228 pro
486 2170 542 2210 uno
558 2153 714 2230 eodemque
728 2151 815 2210 canali
831 2149 985 2230 perhibent,
998 2149 1047 2226 qni
1057 2167 1130 2208 nnnc
1141 2150 1296 2210 admon
1307 2171 1401 2231 paene

246 2270 305 2310 non
319 2252 373 2312 nisi
387 2249 454 2310 Nulo
473 2262 615 2314 mouente
635 2255 716 2332 aquis
730 2252 832 2332 repleri
852 2252 957 2324 soleat,
979 2251 1084 2328 quique
1099 2251 1129 2309 in
1143 2251 1232 2311 husun
1247 2252 1401 2314 hlenzaleh

245 2353 358 2414 liniatur
371 2373 461 2432 prope
475 2357 681 2432 Ommsaredje3
701 2357 815 2416 nancei
830 2373 934 2414 nomen
950 2371 1014 2413 esse
1026 2353 1135 2412 addunt
1143 2353 1252 2431 hineys.
1280 2357 1400 2418 Praeter

245 2454 451 2514 Schlichthorst
470 2456 489 2516 l.
503 2457 522 2515 l.
536 2478 566 2537 p.
580 2456 630 2524 42
651 2456 772 2518 Rennel.
789 2457 808 2515 l.
822 2456 842 2515 l.
855 2476 884 2535 p.
900 2458 972 2520 619.
993 2451 1133 2515 Mannert
1147 2453 1165 2512 l.
1177 2455 1195 2514 l
1208 2478 1238 2537 p.
1252 2458 1317 2524 549
1333 2481 1395 2538 seq.

246 2559 345 2619 Ritter.
361 2557 379 2616 Ι.
393 2559 411 2616 l.
435 2577 501 2638 pag.
520 2563 584 2626 827
606 2579 684 2638 seqq.
706 2565 738 2619 tu
757 2560 813 2620 vicl.
835 2556 959 2638 inprimis
982 2555 1021 2614 dn
1038 2555 1222 2636 Bois-lyme
1239 2581 1307 2641 pag.
1320 2565 1393 2627 287.

245 2659 408 2736 llndrdossy
420 2659 518 2734 (mem.
534 2681 581 2720 sur
593 2661 620 2722 le
632 2662 675 2722 lac
688 2661 852 2740 hlennaleh)
875 2663 905 2720 in
919 2659 1052 2737 descript.
1064 2659 1100 2718 de
1110 2657 1181 2737 l'lig.
1195 2664 1254 2721 etat
1264 2665 1386 2722 modun.

244 2761 258 2822 l
273 2783 302 2842 p·
316 2765 380 2827 263
395 2782 454 2840 aeq.
496 2763 540 2824 Le
554 2765 626 2825 Pare
646 2765 742 2840 (mm.
759 2785 807 2823 sur
818 2765 844 2824 le
856 2763 935 2824 onnal
951 2761 980 2821 d.
997 2763 1066 2820 deur
1078 2763 1166 2835 mm)
1184 2764 1250 2820 ibid
1264 2783 1293 2840 p.
1310 2765 1387 2838 118,

244 2865 293 2941 qni
308 2864 402 2922 omnia
415 2864 509 2923 scribit
522 2884 556 2925 eo
569 2866 671 2926 duoere
684 2867 802 2940 indicia,
817 2872 849 2925 ut
860 2866 943 2925 huius
957 2865 1030 2925 fluvii
1042 2861 1145 2923 alrernn
1157 2868 1311 2922 statuamus
1318 2883 1389 2924 esse

243 2965 352 3026 alveum
364 2964 469 3043 antiqui
484 2965 618 3027 Pelusiaci
631 2967 784 3046 (superiori
798 2987 836 3026 su
848 2973 929 3046 purte
942 2987 1031 3045 usque
1042 2967 1080 3026 ad
1090 2966 1243 3044 bubastin)
1258 2972 1289 3027 et
1299 2965 1393 3028 Tani-
1408 3001 1411 3006 ,

243 3069 290 3128 tici
303 3067 442 3144 (interiori
456 3067 513 3127 scil.
528 3069 631 3147 parte).
658 3067 747 3129 Aliter
758 3075 928 3129 statuentem
942 3069 1183 3148 Chaunpollionenr
1197 3077 1227 3130 et
1238 3089 1323 3148 supra
1337 3071 1394 3131 lans
1472 3135 1473 3155 χ

243 3178 469 3244 memoravimus3
491 3171 563 3230 conl.
579 3189 651 3248 quoe
663 3169 709 3231 ille
722 3173 833 3233 disserit
846 3171 1019 3251 potissimum
1031 3192 1060 3251 p.
1078 3172 1118 3238 14
1135 3193 1195 3251 seq.
1218 3177 1260 3238 17
1277 3193 1337 3250 seq.

315 3271 496 3336 hluodesiurs
510 3273 628 3346 ostium,
648 3272 721 3333 intra
734 3273 892 3334 Taniticuna
904 3278 934 3334 et
947 3273 1165 3349 Sebennyticrns
1179 3275 1257 3352 quod
1268 3277 1394 3354 ponitur,

242 3376 279 3435 ab
294 3375 416 3454 oppido,
438 3375 483 3434 cni
498 3373 616 3434 Mendes
630 3393 750 3450 nomen,
775 3381 899 3436 vocatum
913 3381 965 3434 est
1007 3374 1032 3432 Ε
1046 3375 1240 3452 Sebennytico
1253 3375 1392 3454 provenit,

242 3477 266 3535 si
280 3476 458 3537 Herodotum
472 3476 569 3534 audias
574 3518 584 3549 ,
606 3496 622 3536 e
636 3476 787 3552 Phatuico,
801 3479 824 3537 si
837 3477 967 3536 Straboni
978 3476 1060 3535 fides.
1081 3476 1117 3536 ln
1129 3496 1188 3554 qno
1200 3484 1293 3536 honen
1306 3495 1386 3535 nemo

240 3577 382 3654 haerebit,
404 3579 466 3655 qui,
487 3597 561 3654 quae
583 3579 620 3638 de
640 3579 774 3638 Phatnico
797 3581 882 3639 fluvio
903 3597 987 3658 supra
1009 3579 1185 3654 monuimus,
1207 3579 1387 3656 reputaverit.

239 3677 415 3738 Mendesium
428 3679 529 3736 ostium
543 3679 633 3738 adhuc
649 3681 787 3740 invenitur
806 3682 919 3741 nomine
937 3680 1039 3740 canalis
1056 3680 1194 3754 Athana,
1215 3681 1263 3756 qui
1280 3679 1390 3740 ePha-

239 3779 312 3840 tnlco
334 3777 422 3838 candi
446 3799 469 3837 a.
489 3778 650 3842 Damiatino
669 3783 812 3842 derivatus
834 3784 967 3862 oppidum
980 3783 1106 3842 Achmun
1126 3781 1337 3862 praeterlabitur
1358 3789 1391 3844 et

238 3901 327 3962 prope
341 3881 453 3957 urbem,
474 3899 547 3958 quae
560 3903 636 3942 nunc
648 3885 748 3944 dicitnr
763 3883 910 3957 Memora,
932 3887 963 3945 in
979 3885 1067 3946 lacuna
1080 3883 1224 3944 Mensulelr
1239 3884 1314 3958 exit,
1336 3905 1390 3964 per

238 4003 322 4061 quem
331 3985 423 4063 ipsum
435 4004 497 4044 cum
511 3985 579 4044 mari
594 3986 636 4044 ita
649 3988 835 4066 coniungitur,
849 3994 882 4048 at
893 3987 1031 4066 hodieque
1043 3987 1217 4065 conspicuum
1230 3986 1268 4045 sit
1283 3987 1386 4045 ostium

238 4087 420 4162 maritimum,
441 4088 551 4148 nomine
565 4085 668 4166 pret.
705 4091 788 4149 Conl.
804 4089 945 4150 Mannert,
959 4091 978 4150 l.
992 4090 1011 4149 l.
1028 4111 1058 4169 p.
1069 4088 1138 4154 549.
1160 4087 1319 4167 Champoll.
1332 4087 1350 4146 l.
1366 4087 1384 4146 l.

237 4207 268 4266 p-
286 4189 326 4255 1⁵
340 4209 399 4268 seq
419 4189 522 4252 Ritter.
534 4192 553 4254 l.
568 4191 586 4250 l.
604 4212 633 4271 p.
647 4195 707 4258 881
725 4199 754 4254 et
766 4193 805 4250 du
817 4191 1004 4272 linia-hyms!
1017 4192 1067 4252 ll
1087 4211 1153 4272 pag.
1168 4191 1243 4255 288.
