2990 5228
254 433 320 498 m
564 430 808 496 CBEUZERI
836 431 1090 494 Excunsus

502 1045 807 1125 CREUZERI
831 1043 1152 1124 EXCURSUS

391 1220 491 1326 sn
575 1159 1253 1296 nnnonorsms

722 1411 930 1428 ῌ

510 1575 579 1644 De
612 1575 855 1666 sepulcro
884 1575 1134 1664 Alyattis.

336 1765 406 1810 „-
418 1731 581 1796 Frnneisens
602 1735 808 1814 Ingbiromius,
835 1735 876 1794 vir
895 1735 933 1794 de
951 1739 1194 1794 monumentorum
1215 1734 1396 1810 antiquorum

251 1838 411 1914 cognitione
424 1838 630 1912 meritissimus,
652 1840 682 1899 in
695 1838 865 1898 monumenti
883 1835 1012 1896 Etmsrbi
1027 1838 1100 1896 serie
1115 1835 1157 1896 lv
1174 1856 1244 1916 pug-
1262 1840 1323 1901 167
1334 1855 1395 1912 seq.

249 1945 397 2018 postquam
409 1939 572 2002 Porsennae
590 1942 664 2019 regis
683 1941 809 2020 sepulcro
823 1939 939 1999 Clusino
961 1938 1033 2012 (vid.
1050 1939 1139 1998 Varro
1150 1941 1228 2018 opud
1242 1939 1310 1998 Ptin
1323 1937 1351 1996 b.
1363 1957 1392 1996 n.

251 2040 374 2102 xxxvi
390 2061 451 2123 esp.
464 2043 553 2119 Xiil)
571 2049 600 2104 et
613 2045 642 2102 in
658 2043 724 2102 Asin
739 2050 768 2104 et
786 2045 815 2102 in
833 2041 914 2102 itniin
928 2039 1082 2100 consimilis
1099 2039 1153 2100 sliu
1172 2043 1258 2102 fnisse
1276 2041 1393 2114 dhesnt,

250 2145 292 2203 ito
304 2146 414 2223 pugit:
436 2145 543 2220 „„Dei
560 2147 622 2225 pari
643 2147 689 2206 nei
708 2165 793 2226 paese
805 2145 834 2203 di
847 2143 929 2220 Lidi,
951 2145 1075 2204 seoondo
1087 2143 1137 2202 de
1152 2143 1282 2203 Erodoto
1301 2161 1394 2217 norm,

248 2243 269 2304 ii
298 2245 439 2307 msusoieo
467 2246 599 2308 d'Alintte
618 2250 768 2311 consistere
786 2253 817 2308 in
840 2267 897 2306 soso
921 2247 985 2306 bose
1003 2245 1203 2325 qssodiisnsgo,
1232 2253 1395 2306 sostenente

248 2365 363 2408 ersorme
381 2348 486 2407 tomulo
509 2350 538 2408 di
557 2351 723 2420 terrudeiio
739 2354 838 2431 figura
861 2349 892 2408 di
911 2369 949 2407 sss
970 2368 1052 2424 cono,
1079 2348 1146 2408 sniis
1167 2350 1210 2407 nsi
1233 2355 1393 2407 troncsturn

130 2495 134 2502 .
247 2467 333 2508 erano
352 2449 451 2527 oinqne
462 2452 565 2529 grandi
575 2454 664 2529 stelli,
692 2475 770 2516 eosne
789 2454 829 2534 gli
851 2449 981 2514 obdisdn
996 2450 1071 2512 delio
1087 2451 1183 2510 tomba
1201 2451 1392 2510 Cbiusins.““

247 2550 331 2612 Tum⁴
341 2554 473 2613 emendat
490 2555 607 2620 lectores
630 2578 694 2617 suos
713 2558 750 2618 nd
771 2577 824 2618 ser.
838 2556 925 2616 Vltoe
936 2555 1059 2614 tnbuim
1078 2554 1110 2615 F.
1124 2557 1160 2626 63
1181 2571 1238 2631 quo
1254 2555 1284 2612 in
1296 2555 1391 2613 tubuln

246 2655 340 2714 ioones
354 2653 565 2720 exhibituesisnt
577 2681 639 2720 cum
654 2661 829 2741 reliquiarum
844 2659 952 2736 uliquot
965 2659 1096 2735 antiquae
1108 2656 1237 2728 ssbsicne,
1254 2663 1313 2716 mm
1327 2675 1384 2728 ene,

248 2775 322 2833 quoe
343 2757 494 2819 inserviunt
514 2759 680 2822 illustrandis
701 2761 931 2840 descriptionibus
950 2767 1070 2822 veterum
1090 2760 1268 2835 sniptornm,
1291 2760 1319 2814 in
1339 2755 1382 2814 bis

246 2877 321 2918 num.
334 2861 354 2921 6
369 2861 431 2922 et8
451 2859 531 2919 buius
550 2861 636 2940 ipsius
654 2862 827 2922 monumenti
848 2861 1043 2942 (‚‚Prospetto
1061 2859 1190 2938 ipotetioo
1204 2857 1278 2917 deiio
1289 2856 1384 2917 etesn-

245 2960 327 3020 nione
339 2963 446 3026 num-6
470 2963 596 3041 epiontn
606 2984 681 3024 nom.
695 2968 719 3034 8,
731 2965 776 3024 del
794 2964 921 3044 sepoiero
938 2965 967 3025 di
987 2963 1090 3023 Aliotte
1107 2961 1215 3022 esistito
1234 2959 1284 3019 nei
1301 2979 1389 3040 paese

245 3064 284 3124 de
296 3063 362 3122 Lidi
375 3085 392 3124 e
403 3065 534 3124 desoritto
548 3067 586 3126 dn
598 3065 782 3142 Erodoto“),
803 3068 881 3144 qood
898 3085 961 3126 mm
983 3064 1125 3126 msnsoieo
1143 3063 1304 3124 Porsennse
1314 3082 1390 3122 som·

244 3173 327 3247 perot
339 3167 530 3246 lngbiromius.
571 3166 614 3229 Ao
633 3169 669 3230 de
688 3169 756 3244 boo,
777 3171 825 3246 qui
845 3169 996 3228 nocentius
1016 3187 1185 3246 eognosoere
1204 3165 1288 3240 velit,
1301 3167 1336 3247 'ei
1349 3165 1389 3225 ie·

245 3270 355 3346 gendse
371 3277 436 3329 sunt
450 3272 693 3331 commentstiones
708 3271 797 3331 Orioii
815 3270 878 3330 ltsii
896 3277 925 3331 et
944 3271 1128 3340 Qontremisre
1149 3270 1186 3330 de
1200 3268 1319 3344 Quinoyi
1337 3267 1390 3325 bn-

243 3371 342 3450 iusqne
357 3371 480 3449 ooliegne
497 3373 749 3434 Rimul-Roobette
771 3375 816 3450 (in
827 3373 979 3434 Aebilldde
990 3394 1019 3453 p.
1032 3378 1075 3439 97
1086 3372 1197 3450 seqq.):
1219 3371 1257 3430 de
1270 3368 1388 3445 Aiyuttis
1474 3359 1475 3362 ¹

244 3479 425 3532 monumento
440 3477 533 3535 mirari
546 3477 660 3551 subeat,
682 3477 730 3553 qui
743 3473 923 3553 ingbirnmius
936 3476 1049 3534 Grneois
1070 3474 1211 3535 Herodoti
1227 3473 1316 3534 verbis
1329 3471 1382 3542 iiis,

243 3592 316 3651 quoe
328 3575 523 3652 insignioribus
541 3577 741 3642 chuneteribus
755 3579 948 3652 indinsvimns,
969 3577 1064 3638 italioe
1083 3577 1201 3637 adiicere
1213 3573 1337 3654 potnerit
1353 3579 1386 3632 et

242 3676 382 3752 quomodo
400 3678 485 3736 etium
504 3661 666 3738 Minutoiius
684 3679 746 3738 loeo
769 3681 799 3739 iu
818 3687 914 3739 annot
934 3679 1047 3738 lnuduo
1068 3679 1184 3755 figurem
1201 3675 1324 3752 Alyattei
1339 3695 1388 3736 se-

241 3776 330 3858 puiori
352 3777 413 3836 soni
438 3779 557 3857 speeiem
578 3781 707 3840 babuisse
735 3781 828 3842 dicere
852 3783 991 3861 potnerit3
1019 3780 1229 3856 nudmdusque
1254 3777 1384 3835 videntur

243 3879 356 3956 Zoiego,
375 3881 422 3958 qui
435 3880 495 3940 loeo
507 3881 610 3942 ibidem
623 3885 706 3943 eituto
723 3883 751 3943 in
769 3882 855 3944 bisse
868 3883 1049 3943 eontinnerit:
1070 3881 1200 3956 „Vidit
1215 3879 1380 3939 Herodotus

241 3979 361 4058 Alyattis
371 3980 446 4058 Lydi
457 3983 612 4063 repulerunt
626 3984 751 4046 maximis
763 4005 836 4064 quoe
855 3991 921 4045 tuno
938 3985 1086 4046 exstabunt
1098 3981 1212 4042 notibus
1231 4001 1381 4042 noeenssn-

242 4087 325 4158 dum,
346 4086 422 4162 quod
436 4087 476 4147 sie
487 4087 617 4148 describit
630 4089 731 4148 etu““
771 4087 831 4148 Sed
849 4093 945 4148 tumen
964 4089 989 4146 si
1008 4106 1027 4149 s
1045 4086 1134 4146 serbis
1154 4085 1223 4164 ipsis
1243 4084 1379 4144 Herodoti

242 4188 421 4248 disoedimus:
442 4191 597 4269 -σῆμα,
616 4191 674 4252 rosi
690 4187 837 4272 ἧκρηιιὶς
856 4189 911 4271 μέν
932 4187 994 4252 ἔστι
1012 4189 1112 4252 λίθων
1126 4180 1279 4269 neyo'ioss
1301 4180 1334 4247 τό
1347 4181 1379 4247 δῖ

243 4284 316 4352 ἄλλο
332 4293 433 4370 σῆμα,
447 4294 535 4371 χῶμα
550 4281 750 4374 γῆς-οὖροι
764 4287 798 4355 di
812 4289 901 4354 πέντε
916 4286 1038 4367 ἐόντες,
1061 4289 1103 4354 iss
1115 4288 1168 4354 soi
1187 4289 1218 4363 ἐς
1237 4285 1288 4368 ἐμὲ
1300 4279 1379 4367 ἦσαν

242 4389 292 4454 bd
306 4395 362 4456 rosi
374 4386 506 4472 σήματος
524 4387 589 4456 ἅνω
604 4426 647 4438 -
663 4393 826 4473 sepum,
850 4397 926 4454 ostiu
945 4393 1020 4454 dosis
1037 4413 1052 4453 e
1071 4393 1218 4472 penditus
1236 4390 1375 4471 lepidius,
