2990 5228
258 449 323 512 ele
615 442 1054 506 axcuRsUsvr

259 625 356 678 merua
397 615 793 694 Zoiegaoontmdeobeiisec.
813 633 878 693 pag.
896 613 1063 691 eoenegnt
1083 614 1328 694 operaepretium
1350 636 1418 676 esse

258 719 397 796 inquirere
408 720 437 777 iu
452 719 587 796 originem
600 737 781 795 caussamque
792 720 892 791 moris,
913 717 1029 794 quinon
1044 716 1131 776 solum
1144 717 1221 796 apud
1240 715 1418 796 Aegyptios,

259 823 309 880 sed
318 822 399 900 'apud
413 821 564 900 permultos
577 838 627 899 per
639 820 798 878 uuiversum
818 825 952 878 terramru
969 820 1064 878 orbem
1080 818 1199 898 populos
1213 817 1332 877 diffusus
1347 823 1416 879 fue·

258 923 302 981 rit.
324 921 384 1002 [l'u
398 925 480 997 ride,
504 941 577 1001 quae
591 921 652 1000 ipse
674 939 738 979 eam
758 920 788 977 iu
800 939 859 980 rem
880 920 990 996 eollegit
1011 927 1041 980 et
1053 921 1127 980 adde
1139 919 1235 978 Zaduii
1250 924 1414 1001 geograph

258 1027 542 1106 epheuerih1806,
560 1024 572 1083 l
592 1042 622 1101 p.
643 1021 708 1102 54]
752 1019 965 1097 Verumtamen,
993 1028 1026 1081 ut
1040 1023 1164 1083 Aeneam
1188 1023 1333 1083 Gazam
1355 1025 1411 1098 (in

257 1127 445 1208 Tbeophmst.
468 1149 496 1207 p.
512 1129 553 1190 68
568 1143 630 1202 seq.
653 1126 700 1184 erl.
715 1124 800 1202 Casp.
813 1124 925 1200 Barth.)
944 1130 1068 1200 taceam,
1089 1125 1127 1183 ad
1146 1122 1296 1199 religiones
1310 1123 1410 1201 Aegy-

257 1230 376 1309 ptiomm
392 1229 452 1308 ipse
463 1246 513 1287 nos
525 1227 645 1288 advocat
660 1226 790 1285 historiae
800 1233 882 1305 pater
897 1225 953 1300 ΠΙ,
970 1229 1026 1298 16,
1038 1242 1099 1282 eum
1113 1243 1207 1302 neque
1218 1227 1283 1302 igne
1296 1229 1406 1286 ahenum

258 1350 390 1410 corpora,
412 1351 462 1388 nee
474 1328 614 1390 vermibus
627 1328 724 1388 confici
740 1347 789 1388 eos
805 1327 925 1388 voluisse
939 1333 1088 1400 memoret,
1110 1331 1141 1384 et
1157 1329 1332 1403 mugiretiam
1344 1329 1403 1388 hoc

258 1433 319 1512 ipso
334 1433 442 1510 eapite,
462 1433 511 1492 ubi
525 1450 634 1492 sacrum
646 1429 849 1490 simulacrum
861 1431 1027 1490 cadaverum
1039 1429 1224 1486 eonditoribus
1234 1447 1284 1508 pro
1298 1447 1395 1488 exean-

255 1535 303 1614 plo
319 1535 493 1613 propositum
509 1554 572 1596 esse
594 1535 686 1593 refert.
731 1533 790 1592 Sed
805 1534 917 1611 quaudo
941 1531 1089 1610 religiones
1106 1532 1238 1606 dicimus,
1256 1530 1335 1610 plura
1348 1551 1392 1589 eo·

255 1637 337 1715 gituri
351 1643 485 1716 possunt,
506 1655 579 1715 quae
598 1637 687 1716 probe
701 1624 898 1713 distinguenda
914 1641 986 1693 sunt.
1029 1632 1106 1694 Nam
1126 1636 1246 1714 primum
1266 1633 1359 1711 potuit
1375 1633 1406 1690 in

255 1758 356 1799 caussa
373 1741 459 1800 fuisse
480 1738 652 1815 migrationis
671 1737 824 1796 ammamm
842 1743 899 1796 tam
920 1736 1018 1797 efficax
1044 1736 1178 1796 doctrina.
1236 1734 1334 1812 Atque
1355 1735 1411 1794 hoe

255 1843 346 1922 ipsum
362 1840 654 1920 srpruuvflerouotei
668 1839 720 1898 lod
733 1839 777 1914 ll,
794 1841 856 1905 123
877 1844 962 1916 atque
983 1839 1101 1899 Diodori
1116 1837 1146 1914 l,
1161 1843 1202 1904 91
1225 1853 1288 1899 mm
1308 1845 1410 1898 nostro

255 1943 317 2004 loeo
330 1943 437 2016 noiirti3
457 1943 586 2002 videlieet
598 1943 730 2020 quoniam
745 1961 781 2002 ear
792 1941 868 2019 vulgi
881 1942 1013 2022 opinione
1035 1941 1127 2000 anima
1146 1941 1270 2000 det'nneti
1284 1943 1319 2001 ab
1333 1943 1406 2002 inse-

256 2045 301 2108 l'm'
314 2047 382 2106 erbe
397 2047 572 2124 migrationis
586 2045 691 2104 diutius
709 2045 875 2104 retinerebrr
895 2045 968 2103 eirea
983 2044 1124 2121 integrum
1144 2045 1266 2104 raderer
1286 2044 1407 2104 liberter

256 2149 334 2227 quasi
348 2165 531 2208 eommoruus.
565 2148 654 2206 Cuius
669 2147 710 2206 rei
723 2153 801 2206 reete
819 2145 962 2205 utlrnormit
981 2160 1073 2224 nuper
1091 2149 1172 2206 etiam
1188 2145 1343 2221 Lanthins,
1366 2147 1410 2204 rir

255 2252 355 2310 doetus
367 2252 396 2310 in
413 2251 525 2311 histoire
539 2251 576 2311 de
591 2247 750 2309 l'annteruie
763 2245 857 2307 tomi
877 2265 906 2326 p·
922 2249 954 2312 9.
1005 2247 1082 2308 Alius
1101 2267 1217 2310 caussae
1234 2251 1408 2310 mentionem

254 2353 341 2412 iuiieit
355 2352 421 2412 Tib.
436 2351 663 2412 lle-sterhueins
677 2353 715 2410 ad
735 2349 851 2412 Luam
865 2349 1000 2427 Necyom
1023 2350 1062 2409 lll
1083 2371 1147 2430 pag·
1162 2351 1229 2416 ³56
1243 2352 1320 2430 Rip,
1341 2369 1406 2410 earm

254 2453 335 2514 uide
360 2461 419 2530 „ut
442 2471 479 2514 ne
502 2460 570 2533 post
587 2453 693 2514 obitum
713 2452 826 2530 quidem
852 2455 1057 2513 eurissimornm
1081 2454 1227 2532 pignomm
1252 2459 1405 2532 eonspettu

254 2557 457 2636 primrembn.“
498 2555 537 2615 Et
556 2573 657 2636 reapse
675 2556 727 2615 hue
746 2572 800 2614 nos
817 2562 928 2616 morat
947 2557 1009 2635 ipse
1029 2555 1188 2615 Herodotus
1207 2555 1251 2631 ll,
1263 2557 1323 2636 78,
1344 2575 1402 2633 qno

255 2657 315 2717 loeo
330 2659 468 2720 oadavem
491 2659 520 2718 in
537 2661 607 2718 ereis
624 2658 735 2740 picturi
751 2659 890 2719 uomatis
905 2659 943 2716 ari
962 2658 1160 2736 Aegyptiorum
1177 2657 1301 2716 oonrivia
1317 2657 1394 2714 adhi-

255 2761 313 2820 bita
325 2767 429 2820 narrat.
472 2761 597 2820 Pertinet
620 2762 689 2821 haer
707 2779 752 2820 rer
770 2762 807 2819 ad
827 2776 906 2819 saera
926 2767 1049 2821 veterum
1069 2759 1230 2837 populorum
1246 2756 1394 2833 gentilitia.

253 2863 294 2920 Ao
306 2879 389 2939 quam
404 2862 458 2920 rim
473 2861 594 2920 habeant
606 2862 695 2921 cultus
708 2862 902 2922 domnorum
919 2865 998 2943 apud
1009 2863 1109 2941 primos
1121 2859 1259 2940 populos,
1277 2859 1397 2919 orientis

253 2965 386 3040 marinae,
407 2961 550 3043 repulttuu
562 2965 591 3022 in
605 2965 722 3024 aedibus
734 2964 779 3024 rei
790 2966 820 3022 in
832 2965 934 3024 ricinia
948 2967 1077 3041 aenium,
1094 2964 1211 3024 inieriae
1234 2965 1317 3022 statis
1329 2969 1402 3023 tem-

253 3067 368 3146 poribus
382 3073 529 3146 persotaa,
548 3067 612 3126 iura
622 3065 767 3142 Manium,
786 3067 872 3143 igitur
884 3068 954 3128 haee
967 3070 1062 3128 omnia
1074 3087 1158 3147 quam
1170 3073 1339 3146 potantem
1350 3067 1402 3125 ha·

253 3170 339 3230 beant
349 3169 379 3228 in
394 3169 558 3230 ismiliuram
573 3185 666 3241 saera,
687 3171 729 3227 ins
745 3170 907 3246 gentilitium
920 3172 1050 3248 adeoque
1060 3171 1271 3244 hereditarirnn,
1283 3169 1404 3229 breviter
1469 3154 1470 3176 ¹

252 3272 303 3332 sed
325 3274 407 3332 docte
436 3289 527 3350 nuper
546 3270 719 3330 adumbravit
740 3271 897 3332 Bunsenius
915 3273 952 3333 de
971 3275 1031 3332 inre
1049 3273 1169 3332 beredit.
1191 3273 1403 3333 Atheniensium
1469 3283 1470 3302 ¹

250 3395 279 3454 p.
293 3377 363 3440 122.
406 3371 500 3442 Quam
520 3373 549 3433 in
564 3393 623 3432 rem
639 3371 720 3452 plura
741 3374 867 3434 elioemtur
884 3375 957 3433 infra
971 3376 1009 3434 ad
1030 3376 1170 3434 Herodot.
1184 3373 1243 3449 Vl,
1258 3377 1302 3438 68
1321 3393 1402 3451 seqq.

251 3474 313 3536 ooli
333 3473 363 3550 l,
385 3479 428 3541 67
450 3495 511 3554 seq.
553 3473 638 3536 Nono
658 3477 712 3536 hoo
729 3493 815 3535 unum
834 3477 973 3552 adiiciam,
1000 3476 1065 3535 hine
1082 3475 1201 3552 intelligi
1222 3495 1310 3555 posse
1326 3493 1399 3550 qnae

250 3577 473 3656 peregrinatores
503 3585 720 3638 oommemoraut
739 3580 776 3639 de
798 3578 946 3658 sepulchris
964 3578 1003 3638 ad
1029 3579 1140 3639 moenia
1159 3579 1290 3656 ipsasque
1309 3578 1400 3637 aedes

251 3681 420 3740 Graeoonrnr
443 3679 569 3756 urbium,
598 3677 782 3756 Atheuamm,
808 3681 954 3758 Corinthi,
974 3681 1189 3760 Syranrsamm,
1215 3675 1336 3738 aliarum
1353 3697 1401 3740 re·

250 3785 353 3863 pertin
374 3780 450 3840 unde
460 3797 528 3839 rasa
542 3781 590 3840 illa
608 3789 740 3842 eruuntur
754 3783 924 3862 picturamrn
936 3785 974 3843 ad
987 3783 1135 3861 religiones
1148 3781 1318 3858 antiquiores
1332 3801 1401 3862 per-

250 3886 397 3948 tinentium
414 3883 519 3960 largum
539 3899 658 3944 messem
676 3885 863 3945 exhibentia.“
896 3887 1036 3966 Equidem
1052 3886 1079 3944 h
1100 3885 1119 3945 l
1140 3889 1247 3942 nutum
1267 3884 1399 3944 adiiciam

250 3990 363 4048 uomina
376 4005 486 4060 eorum,
499 3985 624 4062 quiante
639 3986 810 4047 Crerrzemm
822 3989 858 4049 de
869 3989 1033 4050 oaduremm
1048 3987 1275 4048 medioandorum
1289 3989 1397 4046 ratione

251 4094 438 4170 exposuerunt
453 4087 636 4168 peculiaribus
651 4106 686 4148 er
706 4095 786 4171 parte
800 4091 1011 4170 scriptionibus:
1033 4089 1149 4168 Coyius:
1169 4087 1222 4147 ‹ies
1239 4089 1395 4148 emhaume·

253 4198 341 4252 ments
354 4193 405 4251 dea
419 4189 522 4269 Egypt.
544 4191 664 4266 (histoir.
681 4193 717 4251 de
738 4192 837 4251 i’acad.
853 4193 881 4252 ri.
901 4193 983 4253 inser.
1002 4191 1156 4270 axum).
1200 4189 1329 4250 Roselle:
1349 4210 1393 4248 sur

253 4293 293 4354 len
307 4294 538 4354 emhaumementr
555 4300 606 4353 ete
629 4295 746 4368 (histoir.
761 4295 904 4354 del’ararl.
916 4296 967 4356 des
980 4298 1081 4355 soieuc.
1098 4293 1280 4358 Parin1750
1291 4313 1321 4372 p-
1334 4295 1391 4356 123

252 4397 355 4473 *ero-i
398 4393 586 4456 mmm.
608 4397 751 4476 (Gotone-
772 4397 887 4475 men„
901 4398 923 4458 ι.
945 4379 1077 4475 nempe
1090 4393 1338 4472 mutaque
1353 4392 1388 4468 r).
