3008 5172
439 407 836 472 undulatam
1044 405 1109 472 638

147 584 265 655 ἄλλων
287 580 323 650 di
344 578 603 664 ἐπιθυμέουσαι,
638 573 726 646 οὕτω
749 574 790 663 δὴ
810 568 1025 644 ἀπικνέονται
1045 595 1110 641 κα-

122 704 199 793 έρά
221 699 304 780 τούς
324 699 467 785 ἔρσενας·
498 695 697 786 φιλότεκνον
723 696 758 766 δέ
787 694 824 763 τὸ
846 695 980 782 θηρίον.
1024 715 1110 780 κυρ-

149 826 251 910 καϊῆς
280 821 314 890 di
337 817 529 908 γενομένης,
559 825 639 887 θεῖα
664 814 838 906 πράγματα
864 800 1111 900 καταλαμβάνει

128 941 235 1022 στοάς
254 936 456 1025 αἰελούρους.
500 940 533 1007 οἰ
552 938 612 1025 μέν
631 935 697 1024 μάρ
720 934 896 1023 Αἰγύπτιοι
917 931 1108 1014 διαστάντες

154 1059 307 1151 φυλακάς
329 1059 441 1147 έχουσι
461 1063 530 1126 τοῖν
552 1057 751 1143 αἰελούρων,
774 1054 993 1143 ἀμελήσαντες
1011 1058 1107 1142 σβεν-
1116 1065 1150 1120 10

155 1181 253 1252 νύναι
278 1179 315 1251 τά
345 1179 541 1267 καιόμενον·
583 1180 617 1247 οἰ
637 1177 672 1246 ὁὸ
699 1175 885 1263 αἰέλουροι,
915 1171 1109 1256 ὁιαὸύοντες

84 1298 100 1329 ⁸
154 1303 210 1372 καί
230 1299 526 1388 ὑπερθρώσκοντες
553 1296 633 1377 τούς
662 1293 883 1384 ἀνθρώπους,
916 1293 1108 1365 ἐσάλλονται

128 1421 187 1502 εἰς
214 1419 253 1491 τά
285 1425 365 1506 πῦρ.
425 1423 530 1488 ταῦτα
557 1418 593 1488 di
620 1416 797 1506 γινόμενα,
832 1415 957 1484 πένθεα
985 1415 1110 1502 μεγάλα

125 1542 233 1622 ‘lande
262 1541 467 1628 Αἰγυπτίους
495 1543 749 1627 καταλαμβάνει.
793 1536 829 1606 έν
857 1534 981 1604 ὁτέοισι
1009 1533 1044 1604 d'
1067 1534 1111 1605 άυ

151 1663 293 1730 οἰκίοισι
321 1659 513 1744 αἰέλουρους
541 1657 699 1747 άποθάνῃ
729 1653 796 1725 άπὸ
817 1661 882 1724 τοά
904 1653 1108 1743 αὐτομάτου,

156 1781 191 1847 οἰ
214 1778 411 1859 ἐνοικέοντες
438 1777 558 1861 πάντες
587 1777 761 1865 ξνρέονται
790 1777 850 1858 τάς
876 1773 1007 1864 ὀφρύας
1027 1775 1112 1864 μού-
1120 1779 1173 1844 15'

155 1920 236 1979 νας·
282 1896 365 1984 παρ’
398 1899 518 1969 ὁτέοισι
547 1899 579 1968 d'
609 1898 652 1967 άν
686 1898 797 1981 κύων,
840 1903 908 1966 πᾶν
943 1895 982 1966 τὸ
1020 1901 1112 1985 σῶμα

45 2024 109 2096 6²5
156 2017 216 2086 καί
248 2017 320 2108 τὴν·
343 2017 501 2110 κεφαλήν.
561 2015 757 2139 ᾌπάμονται
790 2020 826 2090 di
869 2019 903 2088 οἰ
941 2017 1109 2102 αἰέλουροι
1149 2007 1364 2158 ffiffiffi

1149 2163 1300 2220 ιιροιιιιιιιι.

153 2305 230 2362 θεῖα
243 2295 402 2383 πράγματα
419 2292 606 2382 καταλαμβά-
657 2320 738 2378 ιααι,
750 2297 983 2372 naturalium,
1005 2317 1079 2376 qnae
1091 2298 1157 2358 nul-

108 2409 162 2451 νει
188 2381 261 2459 τούς
291 2381 489 2468 αἰελούρους]
520 2388 609 2448 Vertit
656 2388 685 2447 ἰά
698 2387 865 2448 extrinsecus
878 2386 905 2442 vi
918 2386 1109 2460 coaetaneuit,
1124 2390 1155 2444 ut

108 2473 410 2550 deeighaeusems:
442 2519 462 2550 ,‚
475 2476 547 2532 mira
567 2492 608 2531 νει
658 2473 741 2532 Gellii
756 2478 818 2530 utar
838 2471 929 2531 verbis
948 2470 977 2527 in
996 2476 1081 2529 noctt
1098 2470 1155 2529 Ati„

106 2557 213 2618 aenda
230 2557 372 2635 seliias“,
404 2560 434 2618 in
452 2566 523 2618 nota
539 2558 608 2618 adii·
657 2558 742 2632 xut,
760 2562 787 2619 1.
809 2557 892 2616 Plura
905 2554 1036 2615 Larcher.
1049 2558 1086 2615 ad
1100 2556 1128 2614 h.
1136 2556 1154 2614 l.

109 2645 201 2717 ciens,
222 2645 481 2706 enuntiandum
503 2645 545 2703 sic
567 2641 608 2701 Ιο-
658 2643 788 2704 Τυοοοί.
804 2641 972 2718 quoqueli,
992 2640 1038 2705 14.
1057 2672 1100 2686 ·-·
1121 2639 1156 2704 έν

22 2771 25 2774 -
109 2749 174 2788 uum
188 2732 489 2810 esneinteqiretntnm:
511 2729 608 2808 „feles
659 2725 771 2792 ὁτέοισι
792 2721 825 2788 d'
846 2721 885 2786 άν
909 2726 1030 2789 οἰκίοισι
1059 2723 1179 2806 optimi'

108 2817 142 2874 ιἰι
150 2815 270 2893 sarman
283 2817 434 2894 uguntnr.“
460 2815 498 2874 Et
511 2821 609 2874 uount
659 2815 764 2892 quique
779 2812 840 2872 libri
854 2812 974 2872 afferunt
987 2833 1039 2892 pro
1054 2809 1156 2898 ὁτέῃσι

109 2905 188 2961 θεῖα
200 2896 357 2996 πρήγματα
377 2900 492 2959 omniuo
504 2901 610 2978 aliquid
659 2931 702 2945 —
716 2897 845 2982 οἰκίῃσι,
867 2900 943 2976 quod
961 2912 997 2958 ne
1017 2899 1159 2978 Graecum¹

109 2985 214 3044 mirum
241 2993 325 3060 atque
346 2984 498 3058 insolens,
534 2986 610 3060 quod
654 2983 771 3061 ‘quidem
787 2990 954 3044 ensemonet
967 2985 1066 3042 Struve
1081 3003 1155 3062 spec.

109 3089 178 3130 cum
194 3068 331 3145 explicare
350 3087 490 3147 nequeas,
512 3069 611 3126 divini-
660 3076 768 3149 quaest.
783 3071 820 3129 de
834 3068 897 3128 dial.
912 3068 1018 3128 Herod.
1040 3088 1069 3148 p.
1083 3067 1134 3132 48.

108 3161 160 3213 tus
180 3151 313 3212 aaddisee
331 3159 543 3214 enmentaneum
564 3155 610 3213 sit.

111 3237 244 3309 conii,
262 3237 576 3314 122174etv{‚69.
801 3197 887 3277 ⁰³1³·
908 3192 1023 3255 Lm

159 3321 194 3385 οἰ
207 3318 266 3402 μέν
282 3315 341 3402 γάρ
358 3319 516 3403 Αἰγύπτιοι
531 3325 611 3386 ὁια·
704 3313 896 3406 άπάγονται]
918 3321 1030 3400 Reliqui
1043 3319 1112 3396 hoc,
1125 3326 1158 3380 ut

115 3400 299 3485 στάντες]
322 3408 339 3464 i.
356 3425 381 3466 e.
401 3427 452 3486 per
469 3407 612 3470 intervalla
660 3407 768 3484 l,209
783 3416 811 3470 et
830 3409 874 3483 ΙΙ,
888 3409 947 3482 47,
968 3407 1093 3484 quamvis
1109 3425 1158 3466 ex·

113 3514 139 3553 τ.
160 3494 253 3572 spatia
271 3491 417 3571 dispositi,
446 3493 536 3552 setium
562 3515 612 3553 cu·
660 3494 756 3555 hibeat
776 3494 1052 3555 Suhellershemianus
1072 3492 1157 3553 liber:

114 3579 221 3638 studius
237 3585 325 3655 agunt
338 3597 391 3637 nee
404 3578 554 3656 quidquam
561 3599 610 3640 cu·
662 3572 844 3662 άπαγέαται,
866 3579 942 3658 quod
956 3577 1111 3656 Schweigh.
1129 3583 1158 3638 et

114 3669 180 3722 rant
196 3664 361 3723 incendium.
663 3665 752 3726 Gnisi'.
766 3666 875 3745 placuit.
918 3664 986 3723 Mox
1009 3661 1073 3745 ἰραί
1094 3660 1158 3724 στέ-

160 3751 253 3810 ταάτα
282 3745 316 3810 dt
336 3739 502 3830 γινὸμενα]
541 3750 613 3810 Sunt
661 3773 713 3832 γαι
734 3757 763 3810 et
784 3749 849 3834 ἰραί
863 3753 977 3830 θῆκαι,
995 3769 1065 3828 quas
1085 3749 1158 3826 innita

116 3833 234 3893 absoluti
242 3833 289 3911 qni
297 3835 422 3894 ‹licimtur
434 3855 522 3894 casus.
536 3835 610 3895 Nam
662 3836 746 3910 dicit,
767 3857 824 3896 non
842 3837 990 3910 differunt,
1011 3841 1085 3895 recta
1097 3852 1158 3892 mo-

116 3920 311 3996 exspectabas:
326 3911 444 3983 τούτων
453 3916 611 4003 ὁίγινομέ-
634 3934 639 3942 ’
660 3928 746 3982 naute
772 3921 1042 4000 Schweighaeusero.
1085 3920 1158 3976 Sunt

116 4025 190 4064 νων.
232 4002 296 4062 Vid.
322 4004 457 4069 Matthiae
486 4007 536 4066 Gr.
557 4008 609 4066 Gr.
662 4007 908 4080 euimconditnria,
922 4024 1049 4076 camerae,
1064 4003 1156 4076 ceilae,
1203 4075 1208 4082 ἱ

117 4085 149 4167 §.
171 4087 242 4154 662.
290 4089 373 4148 Plura
396 4094 444 4170 qui
471 4093 612 4153 desiderat
661 4092 799 4168 inquibus
812 4095 910 4150 οιαινι·
924 4091 1079 4149 conduntur.
1110 4087 1157 4145 Sic

115 4171 200 4231 huius
232 4192 296 4233 unua
320 4176 497 4252 testimonia,
527 4177 612 4235 adant
662 4178 762 4254 θῆκαι
772 4177 815 4251 Ιί,
832 4179 882 4242 69.
898 4179 948 4240 90.
966 4174 1027 4239 148
1042 4179 1070 4233 et
1081 4171 1158 4251 apud

114 4255 611 4342 Reitz.adLucian.Couviv.p.854·
661 4259 780 4322 Diodor.
797 4261 879 4320 Sicut.
892 4259 922 4333 1,
937 4258 1075 4331 88,nude
1088 4257 1158 4316 tinec

114 4341 180 4408 355
201 4349 270 4403 tom.
290 4343 333 4404 lx
356 4346 422 4405 edit.
443 4347 613 4425 Bipont-
662 4345 864 4406 adscribamus:
893 4341 1022 4424 φίρονσι
1042 4339 1086 4413 εἰς
1104 4334 1158 4414 τάς

115 4419 179 4491 dud
197 4431 257 4492 τοῦ
279 4422 451 4510 αύιομάτον
470 4436 515 4493 σιτ
529 4429 612 4505 ultro,
662 4430 826 4510 ταριχοίας·
840 4421 1157 4508 ἰπειτυθεραπευθέν·
