3006 5174
269 397 308 459 vt

268 579 341 639 tum
363 569 437 639 lieri
458 577 596 662 posset,
631 567 917 640 emendatissimus
941 571 1105 664 simulque
1136 575 1210 668 ipsa
1243 576 1403 670 scriptoris

267 725 372 793 verba
391 723 638 816 explicarentur
655 733 756 815 atque
775 724 1034 796 illustrarentur:
1060 729 1094 798 in
1108 738 1201 800 textu
1218 729 1403 801 edomando

264 878 410 947 maxime
422 875 798 972 Gatasordtum,virnm
814 879 1043 950 doctissimum
1055 905 1096 951 ac
1109 883 1401 978 diligentissimum,

265 1041 399 1104 secutus
422 1055 513 1114 snm3
539 1054 559 1099 a
579 1054 648 1122 qno
667 1031 773 1100 sicubi
793 1032 947 1120 discessi,
973 1034 1041 1104 hoc
1063 1059 1131 1105 nna
1153 1059 1230 1105 cum
1249 1037 1401 1130 insignio-

263 1211 341 1256 rum
355 1187 538 1256 lectionum
553 1177 688 1254 delectu
699 1186 807 1254 ubivis
821 1195 977 1256 accurate
993 1189 1136 1259 indicavi
1149 1191 1303 1279 innotis,
1324 1213 1400 1281 quas

262 1341 366 1410 textui
400 1340 566 1410 subiicere
597 1338 708 1430 aptius
734 1348 768 1408 et
790 1339 955 1408 lectorum
981 1344 1168 1414 commodis
1191 1345 1299 1437 magis
1325 1367 1403 1414 con-

263 1516 390 1586 gruum
413 1493 606 1586 videbatur,
640 1517 743 1584 qnam
768 1493 813 1561 ad
840 1493 916 1562 libri
942 1496 1071 1565 calcem
1092 1496 1241 1566 reiicere.
1294 1498 1333 1568 ln
1353 1499 1404 1570 his

263 1657 374 1717 autem
390 1647 475 1717 notis
491 1671 567 1716 eam
582 1649 679 1718 nobis
695 1649 810 1741 legem
826 1648 1038 1740 scripsimus,
1058 1659 1095 1720 ut
1109 1651 1335 1722 difficiliorem
1353 1654 1405 1723 lo-

263 1824 382 1871 corum
402 1824 535 1872 sensum
551 1801 791 1890 indicaremus,
817 1802 1000 1870 verborum
1016 1803 1223 1896 singulorum
1239 1815 1297 1875 aut
1310 1808 1405 1877 locu-

261 1957 390 2025 tionum
408 1954 685 2048 significationem
706 1964 808 2047 atque
823 1977 921 2024 usum
934 1979 1200 2049 exponeremus,
1229 1984 1273 2031 ne
1288 1985 1404 2056 gram-

260 2110 387 2179 maticis
401 2109 538 2201 quidem
552 2109 652 2178 rebus
666 2110 828 2203 neglectis
851 2109 926 2200 (nbi
939 2110 1110 2179 brevitatis
1132 2133 1233 2180 cansa
1247 2114 1293 2181 ad
1312 2112 1406 2182 Mat-

260 2263 352 2332 thiae
373 2263 628 2357 grammaticam
652 2261 814 2331 maiorem
838 2285 904 2332 sec.
929 2263 1008 2333 edit.
1033 2263 1182 2349 aliosque
1201 2261 1305 2329 libros
1328 2269 1407 2336 satis

163 2449 167 2456 ·
258 2418 413 2511 vulgatos
430 2417 557 2509 passim
570 2416 836 2509 amandavimus)
862 2439 904 2486 ac
922 2416 1069 2506 denique
1089 2413 1202 2504 ipsum
1221 2433 1405 2505 argumen-

258 2581 330 2640 tum
344 2571 406 2640 rite
419 2579 457 2640 ut
468 2569 716 2657 illustraremus,
731 2578 803 2639 ton
817 2571 968 2640 looomm
982 2567 1138 2639 similium
1151 2567 1407 2660 comparatione

257 2733 329 2792 tnm
346 2725 478 2834 summa
492 2747 626 2830 eorum,
646 2746 735 2816 qnae
747 2726 924 2795 recentiori
937 2733 1047 2794 aetate
1061 2747 1081 2833 a
1093 2722 1409 2817 peregrinatoribns

258 2895 429 2970 aequeac
449 2878 526 2947 viris
550 2879 687 2948 literatis
704 2878 749 2947 ad
770 2902 824 2949 res
840 2879 884 2947 ab
898 2878 1078 2948 Herodoto
1098 2885 1249 2946 narratas
1264 2876 1411 2946 clariore

258 3034 293 3102 in
311 3033 388 3102 lnce
410 3031 623 3102 collocandas
645 3033 746 3102 allata
769 3041 896 3121 essent,
931 3042 966 3101 et
989 3032 1134 3102 indicata
1159 3041 1193 3100 et
1214 3030 1410 3102 dtudcata

261 3186 377 3273 Quum
396 3187 486 3256 enim
502 3207 602 3256 nemo
614 3188 757 3275 nesciat,
775 3209 887 3292 ¹quaru
903 3185 1009 3254 multa
1023 3182 1076 3254 his
1095 3185 1305 3292 potissimum
1317 3193 1412 3252 tem-

259 3341 400 3434 poribus
414 3341 561 3410 virorum
582 3340 851 3410 doctissimorum
871 3337 1035 3408 industria
1055 3347 1090 3406 et
1109 3337 1412 3431 peregrinatorum

260 3491 468 3562 eruditomur
493 3492 607 3562 studiis
628 3492 677 3566 ,ad
699 3494 872 3563 meliorem
891 3491 1111 3564 Herodoteae
1131 3491 1328 3560 narrationis
1354 3490 1414 3560 in·
1443 3489 1445 3494 ’

257 3647 475 3741 telligentiam
492 3648 556 3716 sint
575 3647 610 3716 in
623 3647 774 3716 medinm
784 3647 936 3740 prolata,
963 3669 1005 3716 ea
1018 3647 1131 3716 omnia
1148 3644 1358 3715 consulenda
1376 3653 1416 3713 et

256 3823 322 3894 pro
340 3800 491 3870 editionis
509 3809 645 3870 nostrae
662 3800 800 3871 consilio
819 3803 855 3873 iu
881 3823 981 3871 nsum
1002 3810 1154 3872 nostrum
1179 3797 1418 3867 convertenda

257 3954 468 4038 censuimns3
493 3955 623 4048 quippe
647 3955 737 4024 unde
763 3979 832 4025 non
849 3956 893 4024 ad
916 3956 1117 4048 scriptorem
1133 3954 1261 4041 solnm,
1286 3973 1418 4021 verum

256 4106 302 4175 ad
317 4130 453 4178 omnem
472 4108 702 4200 antiquitatem
716 4111 784 4179 late
792 4119 966 4204 patentem
980 4110 1166 4202 plurimum
1177 4107 1262 4177 lucis
1277 4105 1418 4174 redun-

194 4311 195 4316 η
258 4259 364 4331 daret
390 4263 428 4332 In
444 4284 512 4354 qno
529 4263 668 4356 negotio
684 4273 719 4334 et
730 4265 901 4335 brevitatis
916 4272 952 4334 et
966 4260 1215 4358 perspicuitatis
1225 4256 1419 4328 maximam
