3048 5218
471 420 792 487 EUTEBPF.
833 422 870 484 ll.
1083 424 1146 489 tol

196 587 393 678 Αῆμηῑθθε,
415 585 536 678 dxlxoo
554 592 613 680 τῆς
631 585 748 671 πόλιος
763 587 883 658 ἐείκοσι
897 587 1069 671 σταδίους·
1091 589 1149 660 sol

145 855 207 914 ruit
221 855 352 914 creutzer.
368 853 397 913 in
410 857 569 914 commenti
585 851 647 914 lle-
697 871 757 912 rum
771 852 846 929 (sive
860 850 1018 931 Ameuthis)
1031 853 1191 913 custodibus

148 939 233 998 rodd
250 959 279 1017 p.
291 938 370 1005 419:
391 939 519 1020 „zoega
531 940 568 998 de
580 939 648 999 obe·
697 940 843 1019 accipiunt.
865 938 944 1014 (Vid.
958 938 1074 999 Becker.
1088 940 1117 998 in
1137 937 1192 998 lu-

148 1025 226 1084 liscc
241 1043 270 1102 p.
283 1026 346 1088 307
365 1043 444 1101 seqq.
459 1026 496 1084 ad
511 1023 649 1086 Herodoti
699 1031 774 1102 gost.
790 1022 843 1082 vol.
860 1024 873 1083 Ι
891 1024 930 1082 ad
943 1024 1030 1082 tabl.
1052 1024 1190 1101 Bittiqer.

149 1110 243 1169 locum
262 1109 331 1169 haec
357 1110 503 1189 apposuit:
534 1109 648 1184 „„Hos
699 1110 727 1169 in
742 1107 908 1168 mentone
927 1106 1044 1169 Malerei
1062 1109 1076 1167 1
1096 1129 1125 1188 p.
1140 1109 1190 1174 55.

151 1213 220 1255 vero
245 1194 342 1274 lupos,
370 1215 442 1272 quos
471 1193 649 1254 sacerdotalis
700 1197 750 1260 68.
765 1193 832 1268 65.)
866 1191 968 1270 Neque
983 1213 1049 1254 vero
1062 1195 1192 1254 omitten-

153 1280 264 1356 ruythus
284 1281 436 1340 inferorum
456 1280 598 1339 ministros
621 1285 649 1340 et
699 1280 767 1338 dum
782 1277 898 1337 alterum
910 1277 994 1351 illud,
1011 1285 1069 1338 tam
1086 1299 1192 1339 sacrum

151 1365 378 1446 psychopornpos
390 1365 489 1442 genios
510 1366 650 1440 indigitat,
698 1365 786 1426 luisse
803 1362 898 1441 lupum
917 1363 1080 1439 quibusdam
1097 1362 1193 1443 Aegy·

151 1451 182 1509 in
196 1451 311 1528 singidis
326 1453 385 1511 lere
399 1449 508 1510 murniis
522 1451 650 1527 artisque
699 1450 782 1528 ptiis,
807 1455 839 1506 ut
852 1448 966 1508 herbam
981 1468 1094 1525 qnoque
1104 1450 1130 1508 ei
1143 1451 1193 1510 be·

151 1535 345 1614 eummpietos
359 1535 601 1615 deprehendimus,
618 1539 650 1594 ut
700 1535 772 1593 stiae
797 1533 932 1592 letiferam
957 1533 986 1592 in
1012 1540 1101 1594 terres
1127 1553 1192 1594 suas

139 1619 302 1700 ¹plurimum
322 1637 471 1680 aventinen
497 1623 588 1698 flagro
612 1619 650 1680 ud
699 1618 843 1698 importari
863 1618 1050 1697 prohiberent.
1093 1619 1192 1693 (Conl.
1312 1644 1315 1653 ¹

153 1703 247 1763 malos
267 1703 415 1764 daemones
441 1707 587 1766 animabus
605 1705 649 1765 iu·
700 1703 807 1763 helien.
824 1703 852 1762 h.
871 1721 897 1762 a.
917 1702 975 1778 IX,
998 1704 1063 1778 18.)
1104 1703 1193 1780 lm‘tur

155 1787 264 1848 hiantes
300 1788 452 1864 abigendos
493 1791 651 1850 instructos.
700 1789 819 1850 eruntiu
832 1786 976 1868 Aegypto,
997 1789 1044 1865 qui
1059 1789 1193 1868 parcitum

153 1872 268 1932 Scilicet
303 1889 390 1952 rapax
420 1875 537 1950 animal,
572 1876 651 1954 quod
699 1873 801 1934 vellent
820 1872 906 1952 lupo,
932 1879 1030 1952 utpote
1057 1872 1193 1934 bonorum

152 1965 239 2016 noctu
264 1959 384 2017 maxime
409 1959 519 2019 oberrat
542 1961 651 2039 subque
700 1960 784 2018 etiam
813 1958 928 2017 deorum
958 1976 1051 2017 sacrae
1077 1959 1192 2020 bestiae.

153 2043 221 2102 solis
236 2049 329 2101 ortum
345 2043 382 2101 ad
397 2063 495 2124 specus
513 2051 541 2106 et
555 2047 652 2106 duer-
702 2043 778 2112 Quid
799 2039 929 2119 quaerist
958 2043 1095 2121 Superum
1123 2046 1194 2104 infe·

151 2134 183 2186 ta
196 2127 319 2204 uulum't,
336 2126 484 2207 Aegyptiis
500 2147 587 2208 aeque
607 2136 651 2190 at·
700 2145 816 2204 rumque
830 2134 1043 2188 commentorem
1056 2127 1150 2209 lupum
1165 2136 1194 2192 et

153 2233 209 2290 qne
226 2213 288 2273 eliis
306 2213 417 2293 populis
432 2212 573 2293 plerisque
584 2235 649 2275 oreo
700 2211 834 2292 Aegyptii
850 2218 1040 2289 agnoverunt,
1060 2221 1089 2273 et
1104 2216 1195 2275 Grae-

152 2305 304 2374 eognatum
317 2301 405 2358 risum
422 2305 481 2372 est,
500 2306 528 2358 et
543 2309 652 2359 noctur-
701 2317 796 2358 corum
813 2297 849 2371 ii,
873 2299 920 2375 qui
934 2296 1055 2378 Apollini
1071 2298 1195 2360 Dianae-

153 2385 198 2442 nis
211 2391 321 2443 tanturn
339 2385 444 2443 umbris
465 2384 598 2444 confisum
613 2385 649 2443 ab
701 2401 757 2460 que
792 2384 952 2443 dicaverunt
984 2383 1052 2444 illud
1083 2385 1193 2445 animal.

154 2466 202 2526 illa
220 2468 336 2528 obseura
356 2471 490 2546 regione,
518 2467 584 2528 solis
606 2489 651 2530 ra·
699 2467 837 2528 Nimirum
859 2467 924 2528 lucis
945 2487 1084 2528 accessum
1102 2476 1131 2530 et
1150 2489 1196 2531 re-

154 2553 209 2612 diis
223 2553 373 2632 imperiii,
386 2556 424 2614 ud
436 2560 563 2613 nostrum
573 2573 653 2614 mun-
700 2571 825 2630 gressum
844 2573 905 2612 eum
923 2553 1108 2633 quotidianum
1135 2561 1195 2616 turn

154 2638 220 2696 dum
238 2657 402 2700 commeare.
429 2640 523 2719 lpsum
539 2657 653 2717 qnoque
702 2657 818 2697 uanum
831 2635 883 2698 hoc
890 2639 1017 2717 symbolo
1025 2638 1195 2701 declaratum

155 2724 294 2785 Osiridern
313 2727 457 2804 assumpta
481 2725 539 2805 lupi
558 2727 653 2804 speeie
701 2722 848 2783 voluerunt
883 2732 989 2785 veteres
1030 2725 1193 2786 sacerdotes

154 2809 191 2866 ab
208 2809 303 2870 inseris
317 2812 434 2872 rediisse
450 2810 511 2870 Oro
531 2809 654 2890 opitula-
704 2808 839 2877 Quocirca
855 2811 990 2870 etiamad
1007 2813 1080 2869 os'tae
1091 2814 1197 2870 mortis-

153 2897 214 2952 tum
227 2896 358 2955 adsersus
371 2894 556 2975 Typhonem,
578 2896 653 2956 inter
705 2912 755 2972 que
779 2897 869 2972 superi
889 2896 1022 2974 inferique
1043 2895 1137 2954 mundi
1153 2895 1196 2954 ol-

154 2995 267 3038 caussas
301 2979 359 3057 lupi
386 2981 462 3060 apud
498 2977 654 3058 Aegyptios
705 2983 792 3037 leram
804 2982 874 3038 uices
890 2979 1196 3040 traductahaectesse-

155 3065 309 3122 consecrati
340 3071 436 3122 narrat
461 3062 603 3123 Diodorus
629 3064 653 3138 l,
703 3083 736 3122 ra
751 3070 802 3124 est.
844 3063 939 3143 quue
950 3066 1010 3142 ipsu
1028 3063 1079 3120 s‘llo
1093 3063 1197 3141 fabulo

156 3149 201 3211 88
227 3147 288 3206 coll
321 3148 419 3223 Synes.
445 3149 482 3208 de
510 3149 652 3226 providl
703 3147 889 3228 Rlnmpss‘niti
912 3153 1022 3228 spectra.
1070 3147 1196 3208 Descen-

156 3251 187 3311 Ρ.
204 3231 275 3296 115.
319 3232 491 3293 Hincetiani
508 3239 562 3307 est,
576 3234 653 3310 quod
704 3234 785 3293 derat
804 3254 851 3295 rex
873 3235 911 3294 ad
929 3235 1050 3309 inferos,
1076 3233 1197 3310 indeque

156 3315 253 3396 lupum
269 3317 387 3377 Osiridis
406 3318 653 3394 inlerisymbolum
704 3320 825 3379 redierat
838 3321 866 3379 in
885 3321 956 3379 banc
971 3318 1068 3378 lucu.
1112 3317 1197 3378 Unde

156 3408 188 3461 et
201 3405 351 3462 commercii
361 3402 566 3481 interutrosque
575 3422 654 3464 smm-
704 3405 842 3464 ducuntur
853 3405 1004 3485 primordia
1011 3407 1144 3464 festorum
1158 3402 1199 3462 ri·

138 3487 221 3562 ·dos,
250 3505 372 3567 meum
391 3495 422 3549 et
441 3487 573 3566 inferum,
593 3495 654 3549 tum
703 3495 791 3549 tuum
834 3491 970 3552 Sacerdos
989 3489 1117 3567 obligatis
1132 3508 1198 3548 ocu-

156 3573 185 3632 iu
200 3573 307 3634 duobus
315 3573 481 3652 anaglyphis
490 3575 577 3634 musei
583 3575 656 3633 Bor·
705 3575 738 3633 lis
750 3576 868 3636 mittitur
883 3577 920 3636 ad
935 3577 1030 3635 lanum
1042 3575 1123 3634 Isidis
1139 3575 1199 3636 sive

157 3658 276 3734 gianicx
290 3659 438 3739 Aegyptiis
459 3659 563 3738 cryptis
576 3658 655 3718 able·
705 3660 825 3720 Cereris.
878 3661 991 3722 Ducunt
1016 3666 1044 3720 et
1063 3663 1197 3720 reducunt

157 3744 218 3817 tis,
250 3750 309 3803 tum
336 3745 365 3803 in
399 3743 513 3804 obelisci
541 3745 656 3823 cuspide
706 3745 764 3804 bini
787 3746 855 3826 lupi.
911 3746 990 3806 Haec
1014 3746 1106 3804 omnia
1131 3742 1198 3802 nihil

157 3826 360 3900 Wanstediarsa
394 3849 478 3908 super
510 3827 656 3888 simulacro
706 3829 780 3889 alind
794 3832 942 3907 loquuntur
956 3849 1039 3909 quam
1047 3829 1198 3890 doctrinam

159 3913 303 3989 Osiridis,
337 3933 420 3992 quem
446 3915 654 3972 circumstantes
703 3913 779 3972 illem
793 3917 982 3987 sacerdotum,
1004 3914 1198 3974 abHerodoto

156 3998 278 4058 adorant
300 4004 330 4058 et
352 3999 434 4058 donis
453 3999 583 4077 placant,
606 4017 655 4057 eo-
705 3998 868 4076 explieutum
882 4000 1011 4078 sequenti
1030 3999 1121 4077 eapite
1140 3997 1199 4073 (ll,

156 4083 295 4160 deniquo
311 4085 340 4142 in
359 4085 467 4144 mumiis
486 4083 584 4141 habitu
607 4101 655 4140 ex-
707 4084 796 4158 123):
809 4085 935 4143 nimimm
950 4103 1004 4142 esse
1018 4082 1198 4142 lenissimas·-

155 4187 285 4246 pressum
301 4168 543 4247 conspicimus.““
577 4165 658 4226 Haec
707 4185 779 4227 mass
797 4169 991 4244 immortalem,
1022 4167 1068 4228 sed
1088 4168 1199 4226 altenis

156 4253 257 4330 Zoiga
273 4255 425 4314 uerissime
479 4250 542 4312 Nec
568 4251 658 4312 minus
707 4253 811 4312 uicibus
832 4253 899 4312 illuc
924 4251 1073 4312 ducendae
1099 4257 1130 4312 sis
1153 4252 1198 4311 ob-

155 4345 234 4398 recte
262 4338 308 4397 alii
336 4337 387 4397 viri
416 4338 493 4398 docti
520 4336 601 4415 lupos
628 4338 658 4397 in
707 4357 787 4397 seusu
807 4357 892 4414 regnu
909 4335 1135 4413 Cereris-Isidis,
1155 4339 1199 4398 in-

155 4423 267 4483 mumiis
290 4424 447 4502 geminatos
481 4439 533 4502 pro
554 4421 658 4482 insero.
708 4422 790 4504 deque
805 4425 903 4484 reuerti
918 4427 948 4484 s'n
970 4423 1038 4484 huso
1059 4424 1133 4484 oilae
1153 4422 1198 4482 ls-

560 4593 573 4648 l
