3048 5218
481 449 872 513 adunarunt
1080 451 1145 516 819

189 617 346 711 Διονύσῳ
368 619 389 686 d
396 615 405 642 '
426 616 577 705 ἐλάχιστα
597 616 744 686 τούτων·
767 616 824 687 καλ
843 615 953 706 voden
969 633 1144 686 αενιακισὲ

186 742 275 828 χίλια
295 737 351 807 καλ
373 737 477 824 μόρια
498 740 680 824 λογίζονται
708 735 794 807 εἶναι
824 737 857 817 ἐς
885 734 1026 822 ’Ἄμασιν
1046 740 1143 825 βασι-

162 861 259 927 seta.
282 859 337 928 καλ
358 863 462 926 ταῦτα
478 857 654 946 Αἰγύπτιοι
668 856 826 945 asaneus
839 859 923 947 φασλ
936 858 1141 940 ἐπίστασθαι,
1151 869 1187 924 70
1276 930 1279 939 ,

187 980 254 1050 αἰεί
274 1001 309 1046 τε
330 974 553 1065 λογιζόμενοι,
573 980 631 1048 καλ
646 979 709 1048 αἰεὶ
722 976 997 1067 ἀπογραφόμενοι
1008 977 1048 1047 τό
1062 978 1143 1047 ἔτεα.

163 1097 348 1189 4Διονόσῳ
375 1099 437 1186 μέν
463 1123 529 1168 ννν
555 1103 602 1189 τῷ
624 1099 661 1168 ἐκ
681 1099 827 1188 Σεμέλης
848 1103 906 1187 τῆς
928 1097 1070 1186 Κόσμον
1091 1105 1143 1166 λι-

188 1221 318 1308 ηομλνῳ
344 1215 518 1306 γενέσθαι,
537 1253 540 1258 ·
559 1219 643 1288 κατὰ
674 1217 828 1300 ἑξακόσια
861 1219 934 1288 ἔτεα
966 1219 1025 1288 καλ
1056 1220 1144 1304 χίλια

189 1337 329 1426 μάλιστά
350 1337 419 1408 ἔστι
439 1339 474 1419 ἐς
493 1338 566 1426 ἐμὲ·
585 1337 741 1423 Ἡρακλέϊ
752 1339 788 1410 dt
801 1343 849 1428 τῷ
867 1335 1056 1426 Ἀλκμήνης,
1078 1364 1139 1406 κα·
1183 1335 1244 1400 175

165 1459 228 1527 oroi
249 1455 422 1528 εἰνακόσια
443 1458 534 1528 ἔτεα·
559 1458 649 1527 Hori
669 1457 706 1528 ds
725 1463 773 1548 epi
794 1458 831 1528 λιι
853 1455 1068 1548 Πηνελόπης,
1090 1455 1184 1547 (teto
1249 1549 1252 1558 ι

192 1733 267 1798 saed
289 1730 469 1812 ἑξακόσια
495 1736 562 1800 ἔτεα
587 1735 641 1798 καλ
692 1736 887 1814 generationes
913 1741 1072 1814 computes,
1102 1741 1185 1794 erunt

149 1823 230 1900 χίλια
248 1814 372 1901 μόλιστό
386 1821 446 1884 ἔστι
465 1822 496 1896 λς
515 1820 584 1902 ἐμέ]
607 1823 641 1881 in
691 1825 795 1898 viginti
814 1828 839 1881 et
854 1841 927 1889 uno‚·
955 1839 1028 1899 quae
1047 1839 1080 1880 er
1097 1819 1184 1898 ipsirn
1283 1855 1286 1864 =

148 1908 224 1967 hisee
237 1909 641 1969 numensvitiumiatereWes-
690 1907 832 1967 Herodoti
849 1917 978 1984 oornputu
991 1906 1114 1965 efficiant
1130 1923 1182 1964 an-

145 1993 246 2070 teiing.
261 1992 362 2068 aliique
373 1995 550 2053 oontendunt.
568 1994 641 2052 Cum
691 2011 744 2051 nos
756 1996 949 2071 septingentos,
970 2011 1021 2050 nee
1035 2007 1101 2050 vero
1117 2011 1182 2050 ιιοιι-

146 2080 220 2138 enim
233 2079 269 2137 ab
285 2076 404 2136 Hercule
417 2079 454 2135 ad
467 2079 640 2138 Herodotum
690 2083 799 2154 gnatos,
821 2085 851 2136 nt
868 2077 896 2136 h.
917 2076 934 2136 i.
952 2077 1080 2135 affirmat.
1123 2077 1182 2136 Sed

143 2166 209 2224 anni
220 2165 355 2239 nongenti
364 2165 422 2222 tere
435 2163 559 2238 abierint,
567 2164 641 2223 Her·
690 2163 842 2223 Niebnbrio
855 2171 968 2222 anctore
977 2163 1060 2236 (iiber
1072 2161 1118 2219 die
1128 2160 1182 2219 Ar·

7 2277 15 2318 ,ι
144 2249 221 2309 coles
241 2256 336 2308 autem
363 2268 381 2306 a
401 2247 511 2306 Baeebo
531 2250 639 2308 nonnisi
690 2267 763 2310 rnen.
787 2249 913 2308 Cbronik
935 2249 962 2306 d.
976 2246 1078 2306 Euseb.
1099 2263 1127 2324 p.
1140 2247 1183 2310 48

144 2336 269 2411 quinque
291 2334 521 2411 generationibus
538 2333 640 2393 disiun-
690 2335 748 2393 siae
774 2333 867 2393 kieine
886 2332 982 2392 histor.
1008 2331 1149 2392 Schriften
1171 2329 1184 2390 1

146 2425 209 2477 otus
229 2421 267 2477 sit
285 2420 390 2497 (pronti
410 2438 444 2478 ex
458 2416 639 2494 Apollodoro,
688 2437 755 2500 pag.
774 2421 855 2496 196)
875 2419 1037 2478 Herodotus
1059 2434 1116 2474 non
1135 2433 1182 2475 so-

149 2502 289 2576 Diodoro,
303 2504 564 2578 niiundecognitnrn
577 2506 638 2580 sit),
688 2503 743 2562 ium
764 2505 933 2564 Graecorum
953 2501 1181 2580 beronmstirpes

147 2589 177 2645 in
192 2546 329 2646 Herodoti
349 2595 427 2646 textu
447 2589 639 2663 retingendum
688 2591 818 2668 respicit,
839 2590 889 2649 sed
909 2590 994 2648 etiarn
1008 2587 1181 2662 Assyriorum

145 2692 224 2732 esse.
246 2694 322 2734 κατα
316 2661 488 2752 ἑξήκοντα
507 2672 573 2734 ἔτεα
587 2671 639 2736 καλ
689 2693 787 2751 reges,
798 2672 1123 2754 primamqneLydornrn
1137 2689 1183 2731 re·

144 2757 255 2837 xitm'
246 2777 264 2816 ι.
281 2778 304 2818 e.
323 2779 407 2816 οκιιοι
421 2759 510 2838 ferme
527 2759 600 2818 mitte
614 2766 640 2818 et
690 2779 756 2860 gum
771 2760 925 2836 dynastiam
940 2757 1070 2834 (conti,
1087 2758 1133 2832 7),
1152 2761 1183 2815 et

144 2846 305 2920 seroginto,·
317 2845 490 2924 quippequo
504 2861 641 2903 annornm
689 2847 779 2924 ipsam
792 2844 924 2905 Herculei
937 2845 1055 2922 generis.
1096 2840 1183 2918 Atqui

143 2948 258 2988 numero
272 2937 366 2989 eunde
375 2930 641 3007 reddaturnongen·
689 2930 856 2990 Heraclidae
871 2949 931 2989 eum
950 2949 1001 3008 per
1015 2929 1182 3005 quingentos

143 3023 239 3072 torum
255 3031 388 3070 annornm
405 3017 523 3092 spatium
536 3017 640 3074 additis
690 3035 778 3074 annos
788 3014 896 3090 Lydiae
909 3014 1085 3092 imperarint,
1106 3011 1183 3071 Mer·

144 3098 269 3175 quinque
289 3098 537 3172 generationibus,
568 3119 640 3176 quae
690 3100 810 3160 mundae
834 3100 971 3158 subsecuti
995 3115 1111 3174 regnum
1139 3101 1185 3155 to

144 3182 297 3242 seeundum
318 3201 377 3254 ea,
411 3201 483 3258 qnae
509 3183 551 3258 11,
578 3184 640 3252 142
690 3203 776 3245 nuere
796 3202 847 3263 per
875 3192 985 3243 centum
1005 3182 1181 3260 septuaginta

145 3267 307 3341 tradantur,
327 3273 437 3326 oentnrn
450 3269 508 3327 sere
520 3276 549 3327 et
561 3289 640 3330 sera-
690 3289 783 3347 annos
792 3313 802 3344 ,
828 3287 922 3346 aqno
942 3274 1069 3344 tempore
1093 3282 1182 3341 usque

146 3353 229 3429 ginta
246 3359 436 3411 consumment
451 3373 549 3413 arrnos.
591 3355 642 3414 Vi·
691 3357 728 3415 ad
740 3355 878 3414 Herodoti
890 3359 1011 3412 nentem
1032 3356 1098 3410 sunt
1116 3369 1182 3408 cen-

144 3440 229 3496 detnr
247 3438 342 3514 ntique
366 3438 514 3516 probabilis
539 3440 642 3506 baeeee
690 3447 750 3500 tum
763 3440 968 3515 duodetriginta
983 3438 1061 3508 anni3
1083 3436 1182 3513 quibus

143 3521 328 3595 emendatio,
355 3521 517 3601 optutibus
539 3527 642 3604 cupide
691 3525 818 3584 omnibus
838 3524 1019 3602 eomputatis,
1048 3518 1183 3596 simulque

142 3613 273 3684 arrepta;
294 3607 378 3666 lando
393 3613 488 3667 tamen
510 3612 641 3686 equidem
690 3611 793 3670 additis
828 3611 917 3668 tribus
960 3606 1183 3685 generationibus

142 3691 396 3768 Schweighaeuseri
409 3693 580 3769 religionem,
592 3697 641 3772 qui
692 3699 748 3756 sive
761 3701 870 3754 centum
891 3693 970 3754 annis
987 3693 1061 3753 intra
1075 3691 1182 3750 Hereu-

141 3776 281 3852 vnlgatnm
293 3777 368 3837 libris
393 3780 501 3857 scriptis
513 3781 641 3839 omnibus
690 3781 744 3841 iem
758 3780 850 3859 ipsum
861 3785 945 3856 atque
958 3776 1111 3854 Agrone,
1126 3774 1184 3834 eri-

138 3863 306 3942 probatam,
331 3865 462 3922 intactam
484 3865 642 3942 relinquere
690 3868 739 3924 stit
749 3867 843 3942 ntique
858 3881 1105 3923 summaannornm
1113 3878 1184 3918 non-

140 3945 256 4021 maluit,
278 3967 361 4024 quam
375 3950 405 4006 in
418 3950 574 4007 istiusmodi
588 3970 642 4009 nu·
690 3955 835 4038 gentorum
850 3950 931 4008 trium
949 3949 1184 4021 Herodoteaeque

140 4032 392 4110 merisqnidqnam
406 4041 579 4094 mutare.—
594 4035 640 4095 De
689 4031 901 4110 eomputationis
914 4041 989 4093 certa
1004 4039 1061 4091 stat
1079 4031 1160 4089 ratio.

140 4135 199 4176 usu
212 4119 424 4195 praepositionis
442 4114 519 4180 κατὰ
545 4121 640 4179 oonter
733 4115 816 4178 Πανλ
837 4115 870 4178 n
891 4122 932 4202 τῷ
954 4107 1182 4192 intimatione

138 4201 247 4262 Manu.
263 4204 312 4260 Gr.
328 4205 378 4261 Gr.
395 4223 471 4309 pag
478 4203 568 4269 1154.
690 4225 717 4264 κ.
735 4226 760 4263 τ.
775 4199 814 4281 λ]
843 4179 922 4262 Pana
945 4200 1073 4260 Mercurii
1094 4205 1182 4274 atque

186 4284 337 4391 Ἡρακλέϊ
343 4284 377 4348 di
397 4292 441 4372 epi
463 4281 638 4368 Ἀλκμήνης,
690 4287 848 4367 Penelopae
866 4285 951 4346 tilium
973 4290 1107 4345 memorat
1122 4283 1181 4342 Cio.

138 4393 221 4434 κατα
213 4365 390 4433 εόννκοσια
401 4351 485 4450 ἔτεα]
508 4375 540 4432 Si
553 4375 641 4454 Spar·
691 4375 727 4432 de
743 4380 801 4432 nat
813 4374 891 4432 deor
905 4371 960 4444 ill,
973 4377 1031 4444 22,
1053 4369 1101 4427 ubr
1113 4367 1182 4427 alro-

137 4465 271 4518 tonorum
302 4477 400 4535 regum
432 4457 640 4544 Heradidarnm
689 4477 750 4518 rum
763 4457 919 4519 testimonia
932 4415 1186 4575 attuleiuntDaai-
