3012 5182
404 443 468 510 616
698 439 1056 504 ΗΕΒΟΒΟΤΙ

404 604 728 695 κατατετμημένοισι,
769 607 982 696 ὑποχρίοντες
1009 609 1057 694 rqi
1085 603 1207 694 κόμμι,
1240 611 1287 696 τῷ
1316 605 1358 696 δὴ
1393 611 1460 677 143

363 869 495 950 Aegyplt
517 873 616 950 paor
633 890 711 949 seqq.
727 877 755 931 et
766 871 856 932 Creu·
906 870 1004 929 minori
1034 889 1099 929 eura
1124 869 1294 930 illustramnt
1327 872 1406 930 docti

363 956 525 1016 zerilaudd.
546 975 574 1035 p.
589 954 640 1021 46.
681 957 775 1026 Quum
788 978 855 1018 vero
906 955 989 1014 Galli.
1025 956 1127 1030 Unde,
1153 957 1208 1015 alia
1228 963 1260 1015 ut
1281 963 1405 1028 taceam

362 1042 415 1101 lroo
441 1041 502 1100 loco
531 1043 676 1100 sindonem
706 1044 855 1122 βυσσίνην
904 1046 1036 1120 apparet,
1057 1061 1140 1120 super
1157 1043 1246 1100 fasciis
1266 1041 1406 1120 applicita

363 1128 436 1186 dieat
457 1125 578 1200 Noster,
608 1127 716 1205 plurimi
731 1129 784 1188 lroe
802 1149 854 1208 pro
904 1147 967 1186 esse
980 1125 1099 1204 duplicia
1112 1127 1262 1205 tripliciave
1273 1147 1307 1186 ac
1314 1147 1405 1207 saepe

363 1217 467 1270 cotoneo
478 1213 786 1290 aeceperunt‚nonnulli
799 1215 854 1273 lin·
903 1211 983 1290 plura
995 1211 1077 1270 etiam
1090 1213 1280 1288 integumenta
1293 1233 1311 1272 e
1324 1221 1405 1272 coto-

363 1303 418 1355 teos
429 1297 586 1356 intellexere
599 1317 727 1376 pannos,
752 1300 853 1377 quibus
903 1316 958 1356 neo
970 1303 1117 1369 contexta,
1137 1306 1221 1375 atque
1240 1298 1271 1355 ἰιι
1284 1298 1328 1357 lris
1349 1300 1402 1358 de-

363 1391 392 1442 et
404 1383 471 1460 ipsis
491 1382 630 1442 involutae
643 1391 770 1463 repertae
790 1392 855 1443 sunt
903 1401 978 1440 mum
988 1381 1184 1458 integumentis
1197 1384 1317 1462 picturas
1332 1403 1400 1443 esse

362 1468 496 1542 mumiae,
517 1470 642 1544 quamvis
655 1470 699 1528 alii
712 1470 765 1528 hoc
775 1490 856 1548 pror·
904 1467 1037 1526 exhibitas
1055 1468 1121 1526 varii
1135 1471 1253 1544 generis
1272 1467 1316 1527 De
1328 1470 1395 1544 qni-

364 1572 411 1612 sus
424 1559 557 1630 negatum
578 1553 685 1613 vellent.
729 1555 788 1614 Sed
809 1556 855 1614 lo-
903 1551 956 1610 bus
983 1571 1046 1610 cum
1066 1551 1150 1630 plane
1178 1561 1269 1613 taoeat
1287 1553 1394 1612 Noster

363 1639 476 1697 mardos
488 1635 597 1716 (deser.
613 1641 650 1698 de
665 1640 736 1716 l'Eg.
749 1643 854 1719 antiqq.
902 1635 1016 1694 strictim
1028 1640 1220 1697 tantummodo
1229 1639 1394 1698 summatim-

364 1723 399 1796 ll,
417 1727 456 1788 10
471 1721 654 1803 §.8p.889)
667 1725 854 1804 utplurimum
902 1740 958 1799 que
978 1739 1093 1780 narrans
1127 1724 1199 1781 hano
1231 1726 1397 1784 sudaverunt

363 1814 528 1868 cotoneuosa
550 1829 582 1868 se
602 1816 740 1888 repertum
758 1812 786 1869 in
809 1833 854 1872 se-
902 1805 993 1865 t'asciis
1007 1807 1233 1867 involvendorum
1251 1811 1400 1882 rationem,

362 1895 464 1975 pulcris
473 1893 554 1965 dirit3
565 1914 636 1971 quos
647 1895 747 1954 linteos
760 1896 789 1954 in
803 1897 855 1974 hy·
902 1891 933 1949 id
947 1898 1012 1951 aute
1024 1893 1117 1951 omnia
1129 1895 1300 1968 tenendum,
1323 1894 1400 1953 illam

363 1981 480 2060 pogaeis
500 1979 606 2040 insulae
625 1977 765 2040 Philarum
782 2001 854 2060 pan-
902 1975 977 2035 haud
990 1977 1110 2037 caruisse
1130 1979 1258 2038 interiore
1274 1981 1400 2056 quadarn

364 2085 415 2126 nos
430 2065 596 2139 offenderit,
611 2084 659 2124 eos
672 2068 853 2146 pauperrimis
902 2067 989 2139 atque
1010 2062 1161 2140 insigniore
1181 2065 1401 2140 significatione,

364 2151 522 2209 amittendis
553 2151 726 2224 inserviisse3
768 2172 854 2228 quare
903 2153 932 2206 el
951 2145 1150 2226 Aellll'llmm
1172 2169 1234 2208 Μ
1257 2153 1400 2228 Νῖδῐθῐῆθ

363 2235 408 2292 vix
423 2235 620 2310 dubitandum,
643 2239 710 2312 quin
723 2237 750 2296 h.
768 2239 787 2297 l.
809 2258 854 2297 co-
903 2232 1076 2292 cooiunctam
1098 2237 1195 2306 luisse3
1231 2237 1270 2296 de
1297 2237 1399 2313 quibus

363 2323 467 2378 tonsum
486 2319 600 2396 intelligi
624 2321 741 2381 voluerit
761 2323 855 2383 Hero-
903 2337 964 2376 cum
991 2318 1126 2378 silentium
1151 2321 1204 2379 sibi
1233 2322 1401 2400 imposuerit

364 2407 461 2479 dotus,
489 2405 536 2481 qui
559 2406 583 2462 si
603 2406 638 2464 de
653 2407 743 2467 linteis
763 2409 853 2469 fasciis
902 2401 1024 2478 Noster,
1046 2424 1101 2463 non
1117 2407 1234 2480 mlmm,
1255 2427 1321 2466 eum
1341 2415 1399 2466 om

364 2491 532 2568 cogitasset,
559 2489 612 2548 hoe
638 2491 697 2569 ipso
719 2495 852 2553 vocabulo
902 2489 1017 2548 strictim
1046 2496 1073 2548 et
1101 2490 1156 2550 levi
1182 2493 1262 2568 quasi
1283 2493 1397 2551 brachio

364 2595 462 2636 usurus
474 2575 586 2647 suisset,
607 2579 638 2633 ut
650 2595 734 2654 supra
745 2577 787 2653 ll,
800 2582 852 2652 81,
903 2572 972 2634 haec
985 2576 1117 2651 attigisse.
1147 2577 1210 2635 Vid.
1226 2578 1395 2636 crenmom

363 2660 410 2718 ubi
421 2661 530 2718 tunicas
543 2662 853 2724 oommemoratlinteas.
902 2657 955 2717 ll
974 2660 1068 2736 ibique
1087 2661 1207 2720 lomard·
1228 2663 1334 2736 (desen
1354 2662 1393 2721 de

362 2743 401 2802 Et
413 2763 486 2822 quae
497 2747 567 2803 cirea
580 2745 696 2805 Thebas
707 2766 854 2825 nuperre-
902 2742 975 2821 l'Eg.
998 2746 1104 2822 antiqq.
1134 2747 1246 2807 llsect.
1266 2746 1296 2806 Χ
1322 2745 1393 2826 §.8

363 2836 442 2908 perta
455 2836 519 2888 sunt
537 2848 655 2907 operose
675 2833 786 2892 condita
807 2855 853 2894 oa-
902 2847 967 2908 pag.
981 2831 1045 2894 338
1064 2851 1123 2909 seq.
1154 2833 1260 2908 Royer.
1281 2834 1348 2892 ibid
1365 2831 1395 2890 X

363 2915 475 2988 dovera,
487 2915 645 2992 adprimam
652 2915 766 2976 classem
777 2918 851 2978 haud
901 2934 930 2992 p·
946 2919 1040 2986 219);
1068 2917 1133 2976 add
1151 2917 1284 2976 Miuntoli
1302 2918 1395 2978 Narlr·

296 2999 297 3002 ’
364 3001 448 3059 dubie
465 3001 626 3075 reserenda,
654 3020 688 3061 ea
706 3002 853 3080 plurimum
901 3001 982 3075 trige
995 3007 1047 3059 ete.
1062 3022 1091 3080 p.
1104 3005 1167 3068 200
1187 3022 1267 3082 seqq.

363 3085 663 3145 cotoneiexhibuerunt.
678 3087 855 3149 PluraCreu·
946 3080 1142 3165 ὕποχρίοντες
1155 3093 1200 3175 τῷ
1211 3083 1318 3169 κόμμι]
1331 3089 1393 3148 Stil.

362 3170 514 3230 seresii
534 3202 578 3215 —
598 3175 769 3252 τελαμῶνας
788 3176 855 3235 dicit
903 3171 1090 3250 τελαμῶνας,
1112 3174 1153 3234 ita
1177 3181 1210 3234 ut
1230 3177 1341 3256 sosrioe
1353 3176 1396 3234 iu-

359 3255 467 3336 foscios
478 3255 619 3331 driadas,
640 3258 715 3336 quod
730 3260 854 3319 additum
902 3253 1059 3332 telligontur
1071 3261 1305 3332 gummtsudlr'lne.
1316 3254 1399 3338 Κόμ-

362 3339 643 3420 κοτοτετμημέκοισι
671 3345 738 3402 satis
752 3347 855 3422 arguit,
904 3346 939 3418 μί
951 3343 1006 3399 sive
1018 3346 1125 3416 gummi
1137 3345 1280 3405 Arabicum
1295 3346 1395 3421 exspi-

363 3433 447 3503 atque
462 3426 615 3487 Pausaniae
637 3428 772 3488 Nostrum
793 3431 855 3489 irni-
904 3426 941 3482 na
953 3445 1071 3486 manans
1086 3430 1220 3488 simillimi
1230 3431 1285 3486 loto
1302 3427 1394 3502 Cyre-

362 3511 446 3569 tantis
460 3531 526 3570 usus
547 3512 591 3586 ΙΙ,
608 3515 645 3577 11
675 3512 703 3594 §.
719 3513 754 3589 4,
776 3517 853 3593 quod
903 3527 990 3570 naeae
1010 3524 1147 3574 memorat
1160 3515 1258 3573 Noster
1276 3510 1320 3584 ll,
1337 3515 1390 3576 96.

362 3595 437 3653 haud
452 3597 525 3673 sugit
546 3598 646 3658 Siebel.
694 3598 768 3660 Add,
791 3599 855 3660 Sal.
902 3594 1021 3673 Capitur
1032 3597 1322 3675 humoristeexspiria
1331 3595 1392 3656 Ae·

362 3699 430 3738 mas.
447 3681 598 3760 adVopiso.
607 3683 744 3744 Aurelian.
752 3685 852 3765 p.422
900 3682 1030 3758 gyptiacd
1043 3683 1209 3756 siredosriq
1229 3699 1315 3758 quarn
1330 3681 1395 3761 plu-

363 3765 431 3840 (sol.
444 3765 499 3836 ll).
535 3767 852 3848 Aliilorointerpretan-
899 3768 962 3824 rimi
984 3771 1138 3828 existimant
1154 3769 1292 3826 nisum
1308 3765 1394 3826 Nilo-

362 3858 422 3922 tur,
443 3851 549 3912 adrem
563 3853 636 3912 haud
651 3853 738 3927 falso,
755 3875 852 3933 quam-
901 3856 985 3910 troam
1012 3853 1148 3926 Linnaei,
1175 3853 1307 3930 guttatim
1327 3854 1392 3911 inde

362 3937 592 4012 quam‘voeabulo
606 3938 695 3998 minus
712 3939 765 3998 hae
780 3942 808 3998 in
821 3961 853 4001 re
901 3937 1036 4000 defluens.
1073 3937 1164 4013 Atque
1190 3937 1278 3996 fidem
1298 3938 1390 3996 Hero-

362 4020 476 4080 solemni
493 4028 576 4098 atque
598 4021 706 4083 usitato.
748 4025 852 4086 Videas
901 4022 962 4081 doti
977 4025 1020 4083 hio
1036 4041 1145 4100 quoque
1158 4029 1272 4082 tuentur
1283 4023 1390 4100 experi-

362 4106 493 4167 Creuaer.
535 4106 764 4170 Summumrero
785 4113 853 4170 arti-
901 4109 1391 4184 mentainmurniisinstituta,quae

361 4192 468 4263 tioium,
483 4191 562 4268 quod
578 4193 607 4252 in
627 4195 784 4256 amiciendis
806 4215 853 4256 oa·
899 4195 1022 4254 resinam
1033 4193 1391 4268 exhibuemnttenaeiorem,

362 4277 508 4335 darenbus
538 4278 712 4338 adhibuerint
743 4287 851 4339 veteres
883 4276 974 4352 ‘ignis
990 4279 1099 4337 admoti
1116 4281 1144 4338 vi
1170 4299 1205 4337 ex
1232 4278 1388 4337 mumiarum

361 4358 508 4438 Aegyptii,
529 4363 680 4424 satisnuno
688 4365 850 4424 mumismrn
897 4361 1047 4420 involueris
1057 4364 1267 4424 redundantem.
1310 4361 1390 4422 Plura

361 4446 493 4525 reliquiae
513 4447 658 4525 indimnt,
685 4469 757 4530 quas
774 4449 850 4512 haud
900 4445 1056 4509 &euaerm
1077 4447 1135 4510 l.l.
1177 4445 1305 4510 ffinutdi
1330 4447 1387 4510 ll.
