3012 5182
457 471 849 536 EUTERPE.II.
1056 477 1122 541 ’125

164 665 229 710 νον
250 633 401 710 διδόντα·
423 639 479 707 καλ
500 636 566 708 ἀπὸ
586 635 710 709 τούτου
730 637 790 722 τάς
817 637 1005 726 προσόδους
1024 640 1121 730 ποιὴ·

166 765 307 837 sarrae,
334 753 529 840 ἐπιτάξαντα
557 755 735 847 ἀποφορὴν
763 756 936 828 ἐπιτελέειν
956 757 1032 828 κατ’
1051 759 1143 828 ἔνι-5

141 876 283 950 σαυτόν.
305 879 335 946 ελ
355 859 392 946 δέ
412 902 503 957 τινος
521 882 584 948 τοῦ
610 875 737 964 κλήρου
759 874 778 945 ὅ
800 875 948 965 ποταμός
966 901 1005 945 τι
1019 877 1120 962 παρέ-

167 1005 274 1082 λοιτο,
296 994 405 1081 unos
426 994 471 1066 ἀν
490 996 575 1080 πράς
596 994 701 1066 αὐτὸν
723 995 877 1086 ἐσήμαινε
897 994 936 1064 τὰ
948 997 1121 1086 μεγενημέ·

171 1142 247 1187 νον·
275 1114 294 1185 ὁ
317 1115 353 1183 δέ
375 1114 495 1202 ἔπεμπε
522 1113 602 1195 τούς
626 1114 902 1203 ἐπισκεψομένους
922 1115 978 1183 καλ
1000 1111 1122 1204 ἀναμε-

171 1233 350 1324 τρήσοντας
371 1231 441 1324 ὅσῳ
464 1233 614 1303 έλάσσεον
634 1232 654 1303 ὁ
675 1240 782 1321 χῶρος
802 1235 933 1321 μέμονε,
955 1234 1041 1316 ὅκως
1060 1239 1123 1304 τοῦ

169 1360 289 1427 λοιποῦ
321 1353 406 1434 κατά
433 1351 538 1441 λόγον
563 1359 622 1441 τῆς
650 1353 846 1442 τεταγμένης
874 1353 1049 1442 ἀποφορῆς
1068 1378 1120 1429 τε·
1132 1367 1166 1420 10

145 1475 251 1546 atior.
293 1473 400 1544 δοκέει
420 1472 458 1545 δέ
479 1498 537 1562 μοι
561 1472 716 1544 ἐνθεῦτεν
743 1475 921 1562 γεωμετρίη
942 1470 1123 1562 εὑρεθεῖσα,

172 1743 349 1824 ἀντιτάξαντα
367 1747 530 1832 ἀποφορήν
559 1753 624 1818 ἕπε·
717 1747 819 1818 έλθοάν
835 1746 876 1814 ἀν
894 1747 972 1834 πράς
992 1743 1086 1816 αάτάν
1099 1746 1166 1832 έσή-
1214 1797 1217 1804 .

0 1858 1 1862 ’
129 1835 243 1900 τελέειν
256 1828 317 1896 κατ’
331 1833 479 1919 tumosis]
494 1840 551 1900 Pro
560 1839 624 1903 έπε-
674 1834 810 1922 possessi
824 1835 1034 1920 γεγενημένον]
1056 1837 1102 1897 De
1115 1831 1165 1913 ἀν,

0 1949 3 1955 ”
128 1920 241 1986 τελέειν
270 1920 333 1980 libri
359 1925 466 2000 quidum
496 1917 623 1988 oinoss-
673 1926 787 2004 quondo
806 1924 929 2000 iungitur
941 1923 1082 2001 praeteriti
1095 1923 1166 1982 indi-

125 2007 217 2072 λέειν.
261 2004 325 2067 Νεο
353 2013 443 2067 tenen
465 2009 535 2070 illud
561 2011 623 2072 Ιοοο
673 2011 778 2084 estivo,
801 2007 981 2081 southa
999 2010 1069 2072 196.

0 2129 1 2134 κ
126 2097 180 2157 erit
202 2091 384 2154 movendum.
425 2093 526 2155 Vocem
550 2088 623 2158 ἀπο-
716 2089 792 2156 sossi
806 2085 898 2174 λόγον
918 2096 975 2170 τῆς
990 2090 1167 2174 τεταγμένης

126 2174 234 2262 φορήν
256 2177 351 2255 glossa
364 2177 526 2238 Herodoteo
537 2201 624 2260 expo-
674 2173 837 2259 ἀποφορῆς
849 2173 959 2256 τελέοι]
975 2179 1021 2238 Ne
1033 2180 1094 2254 quis
1107 2198 1167 2238 mr-

125 2269 169 2327 nit
183 2259 243 2344 τὴν
260 2260 446 2344 τελουμένην
462 2260 550 2342 τιμήν
563 2259 625 2327 ἀπὸ
673 2267 707 2325 lit
737 2257 919 2344 ἀποφορήν,
958 2261 1168 2340 intelligendum

126 2355 192 2413 τοῖν
213 2340 335 2410 δούλοιν
364 2353 431 2420 τοῖς
461 2343 622 2422 δεσπόταις.
673 2356 770 2412 monet
791 2348 946 2424 Schweigh.
971 2345 1086 2429 μέρος
1113 2351 1168 2426 τῆς

128 2436 282 2495 Caeterum
294 2432 348 2491 boe
358 2453 392 2492 er
404 2433 467 2492 loco
481 2435 624 2511 suspiceris
673 2431 853 2516 τεταγμένης
871 2426 1041 2514 ἀποφορῆς.
1077 2431 1167 2509 qui-

128 2521 215 2591 lieet,
244 2536 318 2596 quse
341 2518 424 2578 iirerit
444 2517 624 2596 agricolarum
675 2522 740 2581 dem
754 2521 792 2579 od
806 2511 980 2599 κοτάλόμον
993 2519 1096 2577 referre
1108 2537 1168 2576 rna-

127 2605 157 2664 in
171 2602 306 2682 Aegypto
326 2604 465 2678 conditio,
487 2621 624 2680 quaenam
673 2607 721 2666 lim
742 2604 907 2682 genitivum
919 2608 960 2661 -ut
980 2602 1169 2678 unusquisque

126 2690 222 2750 tributi
237 2688 368 2764 exigendi
380 2690 465 2752 sotio.¹
494 2689 537 2748 Ut
552 2690 624 2748 enirn
673 2696 783 2750 tanturn
831 2687 938 2748 solvere
989 2687 1168 2763 intelligutur,

125 2775 266 2851 hodieque
276 2773 345 2833 illud
367 2793 425 2833 non
444 2775 482 2834 od
500 2773 624 2852 singulos
675 2781 809 2854 quantum
836 2792 887 2852 pro
914 2772 1023 2832 ratione
1050 2773 1168 2832 universi

126 2861 250 2918 homines
259 2860 378 2920 mstioos
391 2860 523 2938 pertinet,
530 2877 625 2918 verum
675 2860 772 2920 tributi
790 2878 878 2933 nune,
914 2859 1047 2917 diminuto
1068 2857 1168 2917 seilicet

128 2945 167 3004 eri
185 2945 310 3018 integros
330 2945 423 3018 vioos,
450 2943 550 3021 quibus
572 2943 625 3002 tri-
677 2944 800 3005 dominio
806 2985 816 3018 ,
839 2943 944 3003 solvere
957 2963 1009 3021 por
1022 2948 1074 3002 est.

129 3031 228 3089 butum
243 3029 408 3106 imponitur,
435 3028 538 3104 quique
550 3047 626 3086 oom-
720 3027 818 3092 δοκέει
830 3026 864 3089 δέ
876 3049 928 3107 μοι
944 3025 1088 3087 ένθεῦτεν
1097 3047 1169 3107 ηεα-

129 3113 211 3174 rnun'r
224 3112 309 3171 etinm
326 3115 411 3190 operi
430 3131 515 3189 agros
534 3111 628 3171 nolunt
677 3115 781 3196 μετρλη
796 3108 966 3195 εὑρεθεῖσα]
982 3111 1046 3178 Quo
1061 3129 1095 3168 ex
1107 3109 1168 3168 loeo

133 3199 214 3273 (eum
227 3197 455 3274 scilicetpropter
469 3197 627 3255 inundatio-
676 3199 816 3261 Herodoti
848 3197 966 3276 profecti
990 3193 1065 3253 haud
1089 3193 1169 3272 pauci

135 3301 187 3342 nes
202 3280 304 3358 singuli
317 3281 482 3356 singolorum
497 3299 627 3358 ogromm
676 3292 800 3346 veterum
809 3281 988 3360 geometriam
999 3275 1169 3355 eergypto

132 3365 245 3428 termini
264 3367 415 3425 accuratius
443 3366 545 3450 sessuri
570 3384 627 3424 non
677 3370 826 3449 repetitum
860 3365 1056 3436 tradiderunt,
1098 3381 1169 3441 quos

131 3450 275 3533 possint),
303 3451 345 3509 ite
370 3452 452 3510 etiarn
479 3452 627 3528 antiquitus
677 3446 1168 3528 loudotbienag.ad1)iog.l.oert.

133 3537 305 3610 obtinuisse,
330 3554 365 3594 es
382 3536 469 3614 ipsios
482 3541 571 3597 terroe
584 3536 628 3594 in·
678 3539 748 3614 vll,
766 3541 814 3603 11.
857 3537 950 3613 Atque
969 3535 1081 3594 Servius
1099 3552 1170 3611 quo-

134 3621 198 3682 dole
210 3620 357 3682 verisimile
369 3622 478 3681 videtur
488 3621 628 3681 Heerenio
678 3644 734 3702 que
752 3623 789 3682 ad
809 3621 907 3698 Virgil.
930 3619 1029 3696 Edog.
1049 3618 1106 3693 ΠΙ,
1127 3616 1169 3682 41

136 3706 244 3780 (ldeen
262 3705 305 3780 ΙΙ,
326 3711 348 3772 2
374 3726 442 3786 pag.
460 3709 523 3772 840
543 3707 627 3783 seq.).
677 3708 736 3770 Nili
757 3707 969 3780 inundationes,
988 3703 1087 3782 quibus
1102 3723 1171 3782 pos·

136 3789 265 3869 Namque
282 3810 343 3850 mnu
363 3792 504 3852 canalibus
522 3811 539 3852 e
560 3791 628 3850 Nilo
679 3795 833 3854 sessionum
852 3791 962 3850 termini
982 3790 1085 3850 suerint
1104 3807 1171 3846 oon-

137 3877 259 3935 deduetis
286 3881 361 3936 arete
396 3879 544 3937 ooniuncto
566 3877 629 3954 ipsa
679 3880 750 3952 susi,
772 3875 1015 3955 postreuorendi,
1035 3877 1170 3934 sdartem

135 3979 265 4037 ngromm
287 3961 386 4020 divisio
403 3969 432 4022 et
453 3961 551 4022 tributi
574 3959 629 4020 sol·
679 3963 874 4040 geometricam
901 3961 1094 4020 inveniendam
1120 3975 1170 4015 τε·

134 4045 218 4104 rendi
247 4048 333 4119 roti03
367 4049 468 4124 quibus
502 4046 630 4105 omnibus
679 4048 761 4108 luisse
788 4047 888 4106 scribit.
932 4047 988 4113 Qui
1021 4045 1056 4102 ab
1077 4044 1172 4101 Hero·

136 4149 198 4189 cum
211 4131 283 4190 bene
297 4135 473 4211 prospexerit
485 4131 631 4202 Sesostris,
679 4134 747 4192 doto
760 4132 908 4190 dissentire
926 4131 1071 4200 videntur,
1092 4127 1111 4183 ii
1128 4132 1171 4183 ts-

134 4222 352 4276 consentoueum
365 4225 408 4277 est
425 4215 630 4292 (utHeerenius
679 4236 744 4278 rnen
758 4224 786 4276 et
797 4216 850 4295 ipsi
863 4215 901 4274 ed
925 4213 1083 4291 Aegyptum
1103 4210 1170 4269 ortis

132 4301 299 4377 existimet),
320 4301 393 4362 buno
404 4323 499 4379 regem
512 4303 630 4380 primurn
678 4301 864 4362 inventionem
886 4299 1024 4370 referunt,
1041 4296 1172 4356 remotio-

132 4385 191 4446 dici
209 4385 280 4446 bueo
298 4387 448 4449 instituisse
461 4393 491 4450 et
505 4385 631 4446 introdu-
679 4387 809 4463 sibosque
822 4404 856 4443 ex
869 4382 1038 4459 temporibus
1053 4400 1113 4441 ean·
1127 4399 1172 4439 re·

133 4471 221 4532 sisse.
680 4477 788 4552 petunt.
830 4467 937 4538 Quibus
949 4463 1171 4528 adnumerol’le-
