3048 5218
413 429 477 494 'tffl
710 413 1068 490 11111101)οΉ

411 613 463 684 ιφ
485 593 684 680 διαχρᾶσθαι
704 597 751 687 τῷ
773 591 892 685 intpp,
927 591 969 661 rai
989 615 1024 662 se
1044 587 1146 672 ἄλλα,
1179 590 1237 660 καί
1258 615 1379 675 τυρα-

316 715 319 722 ’
411 714 492 800 μίδα
520 717 677 800 αοιῆααι,
710 712 744 793 ἰς
771 713 832 800 μὲν
862 711 903 782 καί
931 711 1061 782 ἐκείνου
1078 711 1178 798 μίτρα
1201 708 1263 780 οὐκ
1284 707 1378 798 ἀνή-

410 850 558 903 κουσαν·
601 837 707 901 ταῦτα
736 831 801 920 yolo
820 862 824 870 ·
842 824 892 902 οίν
927 833 983 902 καί
1010 831 1104 919 ἡμεῖς
1131 830 1425 919 ἐμετρήσαμενὸᾶ

389 950 578 1038 eudrardo
600 949 716 1021 ὕπεστι
746 950 910 1040 οἰκήματα
932 951 998 1022 ὑπὸ
1029 957 1110 1038 γῆν,
1147 949 1226 1022 οὔτε
1246 951 1285 1019 ἐκ
1306 957 1378 1021 τοῦ

412 1075 542 1144 Νείλου
567 1069 693 1157 διοίρυξ
719 1071 795 1160 ἥκει
822 1073 855 1153 ἐς
876 1069 1000 1158 αὐτὴν,
1029 1069 1139 1155 οἵσπερ
1164 1072 1197 1152 λς
1215 1071 1279 1160 τὴν
1300 1071 1374 1141 ἐκέ-

410 1217 490 1282 ρην,
514 1190 654 1277 ῥέουσα·
689 1192 744 1262 δαί
774 1189 1038 1282 οἰκοδομημένου
1067 1189 1103 1260 δὲ
1131 1189 1282 1272 αιίλαῑνος
1302 1193 1373 1262 ἔσω

408 1319 514 1401 νῆσον
534 1310 714 1400 περιρρέει,
735 1312 773 1381 ἐν
793 1317 835 1402 τῇ
857 1307 961 1383 αδκδν
980 1310 1115 1398 λέγουσι
1135 1317 1269 1380 κεῖσθαι
1282 1310 1369 1380 Χίο-

387 1438 466 1502 aaa.
509 1427 689 1522 ὑποδείμας
710 1432 745 1502 δί
765 1433 827 1502 κδν
847 1437 981 1519 πρῶτον
1001 1429 1107 1519 δόμον
1127 1434 1230 1506 λίθον
1245 1435 1361 1501 Δίδιο-

366 1733 424 1793 qno
437 1715 524 1775 irater
536 1719 861 1790 auteausnseral,quem
911 1715 983 1771 ναοί
994 1715 1024 1771 in
1039 1730 1097 1771 eun
1117 1711 1313 1792 (Cbepbrenis
1328 1712 1412 1772 sdlit.

365 1807 426 1860 tum
437 1800 466 1858 in
485 1799 546 1859 aliis
565 1797 739 1872 imitabatur,
759 1806 817 1858 tum
831 1798 860 1856 in
910 1797 1098 1876 pyramidem)
1107 1799 1215 1875 fiunis,
1239 1799 1416 1877 penam

365 1883 509 1965 pyramide
537 1883 710 1944 exstruenda.
731 1913 775 1930 -
795 1883 861 1946 δια·
909 1883 972 1942 dum
984 1886 1013 1942 ία
1025 1883 1140 1942 aunam
1156 1883 1303 1962 (Cheopis
1324 1904 1416 1962 pyra-

365 1973 497 2050 χρᾶοδακ
516 1965 561 2028 bie
584 1988 635 2046 pro
655 1969 768 2048 simplici
788 1971 859 2048 χρᾶ-
909 1968 1044 2046 midem),
1065 1968 1113 2026 ubi
1122 1987 1170 2046 per
1183 1969 1305 2028 malm
1317 1989 1415 2030 m

365 2061 441 2118 οδαι
457 2055 579 2135 positum
594 2054 708 2112 ridetur.
752 2054 859 2114 Confer
909 2056 951 2112 riu
965 2072 1038 2131 opere
1050 2059 1228 2112 constructura
1237 2055 1351 2130 (Nilus)
1365 2059 1413 2114 rir-

363 2139 461 2216 1,68.
474 2143 526 2206 71.
547 2139 656 2212 11,18.
673 2143 715 2205 77
729 2145 782 2201 etr„
909 2144 1022 2198 tronum
1043 2139 1159 2197 ίκυκίαα
1178 2139 1358 2216 circumluit,
1382 2145 1412 2199 ία

356 2243 360 2258 ¹
406 2223 461 2286 καί
492 2223 648 2304 πυραμίδα
674 2219 858 2304 ποιῆσαι]
910 2243 964 2304 pua
992 2227 1078 2283 lucere
1107 2225 1231 2302 cleopa
1252 2229 1340 2304 iprum
1364 2226 1411 2284 di-

362 2309 504 2370 lnveuitur
520 2309 640 2368 activum
661 2311 775 2370 verbum
788 2309 861 2368 inira
909 2311 1002 2368 αυκί.“
1021 2309 1067 2369 Ad
1081 2309 1232 2388 περιρρέει
1246 2332 1281 2370 ex
1295 2321 1411 2372 anteue-

362 2413 477 2473 qunque
488 2395 531 2467 ll,
546 2395 629 2470 186,
652 2415 712 2455 cum
726 2394 794 2454 alias
812 2413 859 2454 so·
908 2395 1039 2455 dentibus
1054 2394 1144 2474 suppl.
1162 2391 1284 2476 διώρυξ.

361 2479 453 2540 lemne
468 2480 503 2538 sit
516 2479 646 2538 medium.
689 2479 753 2538 Vid.
769 2479 793 2554 l,
805 2481 857 2546 31.
950 2476 1118 2560 ν’ποδείμας
1141 2477 1176 2543 δί
1202 2478 1254 2544 τὸν
1282 2485 1409 2560 πρῶτον

361 2563 407 2640 ll,
433 2565 666 2641 129.133seq.
709 2565 801 2644 Supra
821 2563 859 2640 ll,
908 2558 1006 2646 δόμον
1019 2587 1047 2625 κ.
1066 2561 1156 2648 αλ]
1186 2567 1278 2626 lubin
1298 2569 1405 2625 cunsti-

364 2650 426 2716 124
436 2650 522 2709 dixit:
530 2643 663 2711 κελεύειν
672 2644 857 2731 ἐργάζεσθαι.
907 2652 1017 2711 mendis
1028 2654 1115 2728 (qnae
1125 2651 1246 2731 plmibus
1260 2649 1399 2708 illustran-

404 2731 503 2814 ἒςμέν
519 2729 556 2793 τοί
576 2732 734 2796 ἐκείνου
754 2732 856 2818 μίτρα]
906 2743 953 2796 tur
967 2755 985 2794 a
998 2737 1123 2795 Strotlrio
1137 2737 1153 2794 l.
1171 2736 1188 2794 l.
1204 2753 1267 2812 pag·
1283 2738 1399 2799 107-

361 2815 497 2892 ίκείνου,
515 2817 590 2876 illius
605 2819 623 2886 i.
639 2839 664 2878 e.
680 2821 789 2896 frabis,
812 2820 856 2880 vel
909 2823 986 2897 109)
1003 2821 1150 2898 Schweigb.
1160 2827 1186 2878 et
1198 2819 1288 2878 Gaius.
1300 2839 1401 2880 sumus

359 2904 472 2983 potius,
493 2904 643 2984 pyramidis
663 2922 680 2962 a
700 2908 785 2966 fratre
806 2925 856 2966 err·
907 2906 1002 2966 secuti.
1046 2907 1182 2965 Posuimus
1198 2907 1274 2966 euim
1296 2906 1402 2964 distin-

360 2995 490 3050 structae.
540 2989 587 3048 Ad
606 2991 700 3050 ταῦτα
722 2991 751 3048 iu
775 3009 854 3068 seqq.
906 2992 1026 3050 ctione·
1042 2999 1108 3071 pust
1124 2991 1264 3054 ποικίλον
1284 2997 1315 3050 et
1335 2999 1403 3071 pust

360 3073 486 3152 intellige
498 3069 535 3136 rui
548 3071 655 3156 μίτρα,
676 3080 706 3136 et
720 3078 757 3136 ad
770 3076 856 3136 verba
905 3073 1042 3156 μέγαθος
1054 3119 1065 3149 ,
1095 3077 1254 3158 scripsimus
1274 3073 1401 3156 δκοβιὶς,

359 3154 425 3224 siud
439 3163 498 3242 γῆν
522 3163 595 3220 noni.
610 3159 711 3220 Matth.
735 3159 786 3221 Gr.
804 3161 854 3220 Gr.
905 3162 984 3239 quod
1003 3161 1066 3220 libri
1087 3164 1230 3238 serebant,
1251 3164 1403 3239 itidemque

358 3247 533 3328 pag-1188·
905 3238 1088 3324 οἰκοδόμησε
1102 3265 1140 3306 ex
1163 3249 1253 3308 fleur.
1268 3247 1405 3326 Stephani

404 3325 474 3394 οὔτε
492 3329 526 3394 ίκ
544 3333 600 3394 τοῦ
614 3329 728 3392 Νείλου
743 3322 856 3410 διώρυξ
906 3331 1100 3392 emendatione
1136 3353 1190 3410 pro
1228 3333 1400 3409 οἰκοδομῆς,

228 3423 230 3428 ’
358 3409 494 3496 ἥκεικτ.
502 3413 541 3494 λ]
564 3416 643 3477 Haec
655 3423 684 3477 et
695 3435 774 3494 seqq.
789 3415 856 3476 dedi
905 3414 1055 3494 quodlibri
1067 3418 1183 3493 quidem
1198 3420 1397 3495 suripdnmnes

359 3499 632 3576 semimodium,
642 3502 853 3578 quiidemreete
895 3501 1020 3567 attinent
1034 3503 1168 3580 quodque
1180 3504 1260 3561 etiam
1271 3499 1324 3557 boe
1334 3517 1397 3556 mu·

357 3589 424 3666 post
434 3604 529 3644 vocem
546 3583 658 3664 δέουσα
672 3585 852 3647 distinctionis
903 3588 939 3646 do
952 3585 1209 3666 sortasseexpliuari
1220 3584 1397 3662 possevide·

358 3671 469 3746 signum
481 3671 609 3749 posuisse
621 3671 739 3730 videtur.
776 3669 855 3731 Nam
901 3677 947 3730 tur
961 3670 1234 3749 smweighueusuo,
1250 3675 1326 3728 ulex
1343 3687 1398 3728 an-

357 3753 457 3814 rerba:
486 3750 539 3818 διαί
557 3753 798 3836 οίκοδομημίνου
819 3749 853 3818 δί
903 3755 1093 3818 teeedeutibus
1108 3756 1226 3830 (τοῦτον
1239 3784 1283 3798 -
1297 3776 1397 3835 πυρα.

356 3836 512 3900 -Χίοκα
522 3859 574 3920 per
584 3841 764 3920 parenthesin
773 3839 852 3920 quasi
903 3841 977 3921 μίδα
1003 3841 1146 3920 ποιῆσαι)
1172 3837 1399 3916 subintelligatur

356 3924 519 4002 accipienda
533 3930 616 3998 suut,
630 3933 661 3984 ut
674 3927 779 3985 dudum
793 3945 853 3985 mo-
902 3924 1040 4003 ἐκοίησες
1060 3926 1096 3984 ad
1105 3925 1181 4001 quod
1199 3924 1257 3983 iam
1272 3921 1394 3987 ὖκοδεί-

355 4015 457 4070 nuerat
462 4009 566 4069 Stroth.
574 4009 707 4087 Aegyptt.
720 4009 731 4068 l
742 4031 770 4089 p.
779 4015 855 4082 1073
903 4033 961 4090 μας
970 4019 999 4070 et
1005 4004 1119 4087 νἀοβδς
1131 4011 1225 4068 iurent
1236 4009 1393 4070 reserenda.

356 4095 468 4156 eumad
482 4095 604 4156 naualem
624 4111 660 4154 ex
672 4094 739 4154 Nilo
757 4097 786 4154 in
800 4115 852 4172 py-
903 4096 985 4165 Quae
1007 4101 1139 4154 stmetura
1157 4113 1243 4172 quam
1263 4095 1392 4166 durarit,

355 4179 528 4240 ramidema
558 4179 674 4258 Cbeope
701 4180 851 4239 deductum
901 4199 985 4240 nemu
1011 4200 1068 4240 nun
1096 4180 1233 4256 intelligit.
1283 4179 1393 4238 Accedit

286 4260 291 4270 ’
355 4269 499 4344 spectent,
519 4264 632 4340 dequo
654 4263 698 4339 ll,
719 4264 780 4328 124
801 4263 849 4322 fin.
899 4265 984 4339 illud,
1012 4267 1089 4342 quod
1116 4266 1206 4344 ipsum
1236 4263 1392 4323 venabulum

355 4347 441 4409 Unde
457 4348 527 4408 baec
546 4347 598 4408 loci
623 4349 762 4408 enascitur
784 4365 850 4408 ten·
900 4347 1051 4431 oinodupsi
1071 4351 1180 4411 meliori
1198 4369 1264 4410 aero
1286 4349 1392 4406 inaudi-

355 4433 458 4496 teutia:
480 4451 587 4514 „neque
608 4451 642 4494 ατ
661 4429 727 4494 Nilo
744 4433 849 4494 οαααίίκ
898 4441 956 4496 bum
982 4451 1016 4493 ae
1040 4441 1104 4496 toto
1131 4435 1233 4514 gulare
1266 4433 1391 4493 vitiosum
