2990 5228
420 389 484 454 Al)
527 389 814 458 HIERODOT.
837 377 889 468 ll,
912 394 979 456 17.
1202 395 1267 458 tlon

114 566 185 625 Vid.
197 563 300 624 Ritter.
313 560 461 622 Erdkund.
475 563 490 621 1
507 584 535 643 p.
551 559 614 630 868
628 569 658 624 et
670 567 740 624 nott.
755 564 793 624 ad
807 562 915 624 Herod.
927 559 972 637 II,
985 560 1015 627 6.
1049 558 1150 640 Neque
1161 561 1265 622 Strabo

115 668 249 726 dissentit
262 664 344 726 XVII
356 685 386 745 p·
399 669 463 731 788
477 685 499 724 a.
516 687 546 746 p.
563 669 662 743 1136,
678 665 715 727 D·
758 665 841 735 Quae
853 685 914 726 cnm
936 666 975 724 ita
987 666 1059 740 sint,
1074 664 1134 736 „hoc
1151 665 1198 725 rix
1215 685 1266 726 ne·

116 771 181 846 gari
192 771 311 849 poterit,
324 768 462 848 primitiva
476 767 533 828 Nili
546 768 657 828 brachia
673 769 800 846 orbaque
810 774 878 848 post
889 767 1040 827 admodum
1052 767 1138 827 luisse
1150 773 1266 842 11111111,

116 883 178 932 tum
193 872 335 931 homiuum
351 869 438 949 operi
457 875 541 947 atque
560 878 621 931 arte
642 871 752 948 canales
768 851 979 944 deducentium,
1005 875 1063 928 tum
1086 870 1171 948 ipsios
1190 871 1267 930 tlurii

116 955 235 1048 uatum
255 974 331 1034 unde
352 973 455 1032 tadum
474 979 534 1049 est,
563 975 665 1054 utipse
680 974 812 1034 ostiorum
832 991 963 1033 numerus
979 971 1195 1050 haudquaquam
1215 974 1267 1034 sibi

117 1095 231 1156 semper
243 1075 411 1148 eonstiterit,
432 1079 463 1133 et
476 1093 549 1134 nune
566 1076 650 1154 plane
663 1076 745 1136 aliter
758 1075 826 1135 haee
846 1075 902 1134 sint
923 1074 1076 1134 constituta
1095 1081 1180 1154 atque
1201 1075 1267 1136 olim

118 1179 207 1238 fuisse
232 1179 394 1257 accepimus.
437 1174 569 1237 Veterum
589 1179 754 1258 scriptorum
771 1176 848 1237 locos
868 1178 905 1252 de
928 1175 987 1238 Nili
1008 1178 1084 1237 ostiis
1106 1179 1161 1240 iam
1177 1179 1267 1239 attulit

119 1281 289 1359 Wesseling.
305 1281 342 1340 ad
355 1279 471 1341 Diodor.
486 1280 569 1342 Sicnl
583 1280 607 1355 l,
620 1282 678 1354 883
700 1281 773 1341 inter
789 1299 858 1358 quos
868 1278 1041 1359 potissimum
1054 1280 1159 1340 consul.
1174 1282 1267 1342 Strab.

121 1383 202 1443 XVll
215 1403 243 1462 p.
258 1386 318 1448 801
337 1402 360 1445 a.
384 1382 568 1461 p.1153‚B
589 1383 649 1443 roll.
669 1404 699 1463 p.
715 1383 779 1450 788
792 1405 815 1443 s.
832 1401 862 1462 p.
876 1384 958 1448 1136
974 1402 1035 1461 seq.
1060 1383 1172 1444 Plinh
1187 1405 1214 1444 n.
1231 1385 1267 1461 V,

87 1555 91 1564 .
122 1491 175 1551 10.
215 1485 321 1544 Nostra
334 1491 430 1546 aetate
449 1487 486 1546 de
499 1484 558 1545 Nili
580 1486 657 1544 ostiis
677 1486 839 1566 wnsnipsit
856 1485 894 1544 dn
909 1483 1097 1562 Bois-Ayme
1115 1485 1213 1561 („rur
1226 1487 1267 1547 les

124 1587 239 1646 auriens
251 1587 381 1648 brauches
393 1588 431 1646 du
444 1587 493 1648 Nil
506 1594 535 1648 et
557 1607 602 1648 ses
622 1588 819 1649 embouchures
837 1589 907 1648 daus
920 1588 947 1647 la
962 1587 1073 1664 mer“)
1093 1587 1122 1646 in
1137 1589 1267 1670 descript

126 1690 165 1768 ‹le
178 1689 246 1767 l'Eg.
259 1688 273 1748 l
285 1689 392 1768 antiqq.
408 1689 522 1765 (livrais.
538 1690 575 1767 3)
598 1709 665 1770 pag.
676 1694 741 1756 277
753 1709 832 1771 seqq.
852 1697 882 1754 et
897 1690 924 1752 le
942 1690 1014 1753 Pera
1031 1689 1093 1752 loco
1113 1692 1185 1754 iulia
1207 1693 1267 1755 lau·

125 1793 218 1852 dando
233 1812 300 1871 pag.
318 1796 380 1857 118
394 1813 453 1870 seq.

151 1959 155 1966 ,
207 1897 261 1956 llis
274 1899 304 1955 in
322 1896 478 1956 universum
490 1895 617 1972 monitis,
638 1895 746 1957 iamed
769 1897 879 1974 singula
897 1898 987 1972 ostia,
1016 1915 1089 1975 quae
1104 1896 1267 1957 Herodotus

119 2006 274 2076 mercaret,
294 2001 464 2060 accedamus.
506 1998 601 2058 Primo
619 1995 682 2058 loco
698 1999 825 2058 nominat
839 1999 1026 2074 Pelusiacum,
1044 2000 1121 2077 quod
1132 2000 1267 2059 orientem

120 2123 219 2165 versus
235 2105 403 2178 deflectens,
423 2102 476 2161 hac
489 2107 574 2180 parte
587 2097 710 2180 Aegypti
726 2102 798 2162 lines
820 2101 905 2161 tutari
926 2101 1133 2178 quodammodo
1148 2101 1267 2175 videtur,

121 2208 189 2267 satis
207 2207 298 2266 validi
309 2223 440 2284 aquanrm
453 2202 533 2281 copia
546 2204 645 2263 fluens.
686 2202 720 2262 ln
732 2204 795 2284 ipso
810 2224 892 2264 nuso
912 2204 988 2262 fluvii
1005 2203 1072 2262 inde
1093 2201 1268 2262 aceroaaori

120 2312 192 2370 urbe
202 2309 326 2369 nonnihil
340 2327 391 2387 per
402 2312 558 2384 temporum
574 2305 718 2366 decursum
731 2326 795 2368 esre
806 2311 939 2364 mutatum
954 2304 1098 2383 probabile
1114 2310 1175 2380 est3
1197 2303 1269 2363 alio-

121 2414 171 2490 qui
185 2415 259 2473 enim
276 2410 413 2471 conciliari
431 2413 589 2485 nequeunt,
611 2427 684 2485 quae
707 2410 744 2470 de
762 2409 820 2468 eius
838 2427 920 2467 cursu
937 2428 970 2468 ac
989 2408 1047 2468 situ
1066 2407 1175 2467 diversa
1192 2407 1269 2486 apud

121 2501 230 2573 veter'es
252 2517 422 2573 enarrantur.
466 2511 547 2580 Quae
568 2530 630 2570 curn
657 2513 695 2573 ad
719 2519 844 2571 nostrum
876 2511 967 2570 locum
988 2510 1078 2569 minus
1102 2511 1268 2587 pertineant,
1357 2525 1360 2534 ¹

122 2635 198 2674 nurse
211 2615 297 2673 missa
310 2615 451 2674 faciamus.
491 2613 585 2672 Hodie
602 2615 752 2690 exsiccatus
770 2616 830 2675 fere
845 2620 891 2675 est
910 2613 1068 2673 Pelusiacas
1086 2611 1144 2692 Nili
1159 2611 1269 2688 fluvius,

124 2719 172 2796 qui
191 2717 257 2776 olim
272 2718 310 2776 ad
323 2716 461 2776 Pelusium
480 2718 576 2776 urbem
594 2735 671 2778 mare
689 2718 827 2792 intrabat,
847 2719 979 2796 cuiusque
1000 2735 1109 2776 ourrurn
1130 2734 1203 2776 nunc
1221 2735 1267 2776 se·

110 2822 217 2899 quibu
230 2819 334 2880 canalis
350 2818 621 2898 Aaou-Meneggeh
642 2822 730 2904 (teste
746 2823 784 2880 du
796 2819 981 2898 linis-lyme
995 2819 1013 2878 l.
1028 2820 1045 2879 l.
1062 2841 1092 2900 p.
1105 2823 1167 2884 279
1183 2818 1269 2896 seq),

124 2923 173 3000 qui
187 2923 247 3001 ipse
260 2923 369 2980 nonnisi
384 2922 465 2983 valde
478 2929 560 2982 aucto
572 2921 638 2983 Nilo
650 2930 793 3001 terrasque
805 2926 964 2986 adiacentes
980 2923 1131 2982 inundante
1145 2921 1268 2994 nonnihil

123 3045 215 3103 aquae
236 3025 333 3105 recipit
350 3029 379 3083 et
404 3042 494 3101 prope
518 3023 607 3082 lacum
625 3023 774 3085 Menaaleh
791 3025 857 3086 limo
873 3032 901 3086 et
921 3025 1005 3086 arena
1026 3024 1136 3083 obiecta
1155 3043 1268 3108 prorsus

123 3129 272 3187 evanescit.
315 3126 401 3186 Cuius
419 3126 459 3184 rei
473 3145 571 3185 musas
590 3132 620 3186 et
634 3125 702 3186 alias
716 3127 836 3187 afferunt
851 3133 880 3187 et
897 3127 1019 3188 canalem
1041 3124 1165 3203 inprimis
1183 3124 1268 3200 illurn,

125 3229 173 3304 qui
186 3229 307 3287 Arabum
322 3235 412 3289 aetate
431 3228 461 3287 in
476 3229 566 3288 sinum
579 3227 726 3290 Arabicum
745 3230 828 3289 tirerit
845 3232 989 3290 deductus.
1032 3229 1114 3286 Conf.
1129 3227 1268 3290 Mannert.

125 3330 232 3406 Geogr.
245 3331 274 3388 d.
289 3331 338 3389 Gr.
354 3351 381 3390 u.
396 3331 478 3390 lirim.
493 3331 531 3404 X,
548 3337 566 3398 1
588 3353 616 3412 p.
633 3331 696 3400 552
710 3355 769 3411 seq.
790 3334 908 3394 Renncl.
920 3351 1018 3412 geogr.
1036 3331 1144 3390 Herod
1164 3351 1191 3409 p.
1204 3334 1267 3397 621

124 3452 204 3510 seqq.
226 3432 326 3491 Ritter.
345 3433 491 3494 Erdkund.
512 3436 525 3494 l
546 3455 574 3514 p.
588 3439 660 3501 826.
693 3435 783 3496 Multa
805 3454 918 3513 (quoque
942 3435 1099 3493 haedere
1120 3434 1270 3514 disputavit

125 3533 282 3614 champoll.
303 3534 374 3612 l'Ep.
394 3556 459 3595 sous
477 3535 494 3594 l.
508 3537 587 3617 phar.
610 3539 638 3598 ll
657 3558 722 3618 pag.
735 3544 756 3606 9
771 3557 850 3616 seqq.
874 3541 915 3601 12
929 3555 988 3614 seq·
1005 3535 1063 3609 243
1097 3535 1270 3596 Pelusiacum

124 3639 198 3698 euim
209 3638 350 3697 brachium
363 3637 437 3697 idem
450 3658 513 3698 esse
534 3641 615 3718 ponit
634 3648 718 3721 atque
732 3639 935 3713 Damiatinum,
958 3640 1035 3716 quod
1054 3659 1128 3699 nune
1148 3639 1270 3718 appella-

125 3747 186 3814 tur,
208 3759 297 3818 usquo
310 3740 348 3799 ad
369 3758 430 3798 eom
451 3739 556 3817 locum,
578 3743 626 3800 ubi
642 3745 785 3804 exorditur
804 3741 1020 3815 canalisldoi23
1041 3763 1097 3821 qno
1111 3744 1173 3821 ipso
1186 3741 1271 3801 l'elu·

126 3843 230 3902 siacum
250 3841 391 3901 brachium
404 3843 577 3918 continuari,
604 3843 676 3902 infra
695 3843 834 3904 Bubastia
849 3844 954 3920 [urbem
982 3845 1012 3903 in
1038 3845 1095 3904 duo
1121 3846 1270 3905 dissectum

124 3943 254 4018 brachia,
274 3963 392 4022 quorum
415 3943 530 4003 alterum
548 3945 681 4006 orientem
701 3966 795 4006 rersus
812 3947 949 4024 dirigatur
962 3945 1162 4024 (Pelusiacum)
1184 3948 1270 4025 inque

124 4065 203 4106 mare
226 4052 306 4105 eraut
325 4066 414 4126 prope
438 4045 549 4106 Thineh
567 4065 590 4106 r.
613 4046 769 4123 Pelusium,
795 4048 927 4124 alterum,
956 4048 1050 4107 'l'auin
1070 4051 1270 4128 praeterfluens

125 4147 328 4223 (Tauronem),
358 4149 553 4209 recentioribus
571 4151 712 4226 cognitum
735 4151 771 4210 eit
785 4129 897 4210 nomine
923 4149 1024 4209 canabe
1044 4150 1145 4226 Maia,
1174 4152 1270 4229 quiin

125 4249 214 4308 lacum
229 4247 377 4310 Menzaleb
395 4252 512 4312 desinat.
555 4251 726 4312 Pelusiacum
745 4251 886 4312 brachium
903 4251 978 4310 idem
999 4253 1094 4312 scribit
1115 4273 1189 4313 nunc
1207 4253 1269 4314 reli·

126 4358 201 4411 ctum
215 4352 302 4412 same
316 4358 345 4412 et
356 4355 519 4416 exsiccatum
532 4375 594 4417 esse
610 4373 672 4416 earn
687 4356 725 4414 ob
738 4373 866 4432 musam,
879 4355 957 4432 quod
971 4354 1105 4434 neglectis
1118 4356 1268 4434 aggeribus
