3012 5182
470 401 864 467 munerun.
1072 415 1135 476 723

153 565 262 648 κτοός
282 566 316 634 τέ
337 567 372 634 oi
391 567 528 650 λίθους,
564 569 643 650 τοιίς
670 569 722 638 ἐπί
751 570 875 640 τούτου
902 577 963 641 τοῦ
983 575 1137 662 βασιλέος

177 687 398 776 κομισθέντας
418 685 452 767 ές
473 693 534 756 τοῦ
548 685 733 777 Ἡφαίστου
761 691 799 759 τό
824 691 917 777 ίρόυ,
941 690 1056 773 ἐόντας
1077 719 1134 778 με·

177 807 278 897 μόθεῑ·
296 805 511 896 περιμήκεας,
548 801 643 878 οότοι
664 801 749 896 ἦσαν
777 812 811 878 oi
836 809 1046 892 ἑλκύσαντες·
1079 815 1136 882 καί

179 928 237 1008 τὰς
260 921 426 1014 διιόρυχας
454 928 514 1007 τὰς
540 934 604 996 νῦν
631 925 753 1008 έοόσας
785 929 821 996 έν
841 927 997 1023 Αίγόπτῳ
1026 929 1177 1013 πόσαςθο

183 1041 275 1116 οὗτοι
289 1044 547 1134 ἀναγκαζόμενοι
563 1047 736 1134 ὤρυσσον·
760 1047 936 1118 έποίευυτε
957 1049 1021 1119 οόκ
1042 1051 1134 1120 ἑκόν-

182 1192 234 1247 τες
253 1171 440 1254 Αἴγυπτον,
461 1167 500 1237 τό
522 1167 604 1251 πρίν
623 1167 745 1236 έοῦσαν
766 1170 947 1256 ἱππασίμην
967 1154 1025 1238 καί
1050 1167 1134 1258 ἆμα-

159 1289 358 1376 3ξευομένην
378 1292 504 1368 πᾶσαν,
533 1287 631 1356 ἐνδεᾶ
651 1284 789 1356 τούτων,
836 1285 901 1356 α’ττό
925 1285 989 1376 γὰρ
1011 1286 1135 1358 τούτου

176 1415 240 1477 τοῦ
258 1405 386 1495 χρόνον
407 1411 591 1495 Αἴγυπτος,
614 1407 716 1476 ἐοῦσα
736 1405 850 1487 πεδιὰς
864 1413 971 1488 πᾶσα,
993 1407 1134 1490 όνιπιτος

175 1529 236 1596 καί
258 1524 482 1615 ἀναμάξευτος
503 1526 632 1614 γέγονε·
666 1528 769 1594 αίτιαι
790 1526 826 1596 db
847 1526 976 1596 τούτων
998 1531 1033 1596 αί
1054 1526 1176 1598 διό-95

181 1670 277 1732 Μῦς
297 1645 470 1732 γεγόνασι,
490 1645 608 1716 ἐοῦσαι
629 1647 766 1728 πολλαί,
787 1649 844 1716 καί
864 1649 1044 1727 παντοίους
1056 1645 1135 1733 τρό-
1233 1684 1235 1692 ·

160 1770 273 1844 έπους
294 1764 431 1851 έχουσαι.
452 1767 632 1854 κατέταμνε
649 1767 685 1834 δὲ
703 1769 801 1836 τοῦδε
815 1768 923 1835 εἵνεκα
943 1766 1004 1855 τὴν
1024 1763 1135 1854 χοόρην

181 1883 200 1954 ό
223 1879 393 1973 βασιλεύς·
414 1884 489 1955 ὅσοι
514 1891 583 1954 τῶν
604 1887 795 1972 Λίγυτιτίων
822 1883 869 1974 μὴ
890 1885 942 1954 ἐπί
963 1891 1011 1977 τῷ
1031 1900 1134 1954 ποτα-

178 2011 233 2096 μῷ
255 2005 392 2093 ἔκτηντο
411 2003 467 2092 τὰς
486 2004 597 2086 πόλις,
628 2001 704 2074 ἀλλ’
728 2001 916 2086 ἀναμέσους
933 1998 1030 2102 οὗτοι
1049 2003 1136 2085 ὅκως

176 2122 329 2196 veniales
351 2119 371 2192 ό
394 2124 557 2210 ποταμός,
583 2126 794 2210 σπανίζοντες
809 2123 957 2202 ὖίότιον,
979 2126 1140 2194 πλατυτέ-’

180 2260 271 2330 ροισι
290 2244 445 2334 ἐχρέοντο
469 2251 553 2314 τοῖσι
565 2242 710 2334 πόμασι,
731 2244 768 2314 έκ
783 2242 937 2330 φρεότον
949 2241 1153 2332 χρεόμενοιι

139 2426 341 2439 ᾖ

180 2523 291 2589 καί
256 2551 309 2601 τας
329 2524 478 2610 διώρυχας
498 2523 553 2602 τοίς
575 2533 632 2590 νῦν
683 2531 766 2590 Conf.
779 2531 902 2590 Heeren.
916 2527 1000 2588 ldeen
1020 2535 1071 2590 etc.
1092 2529 1134 2603 ll,
1155 2534 1176 2600 2

135 2607 288 2686 έονσαςκ.
305 2617 382 2686 τ.λ.]
404 2614 466 2674 vid
481 2613 631 2690 Diodor.,l
681 2635 709 2694 p.
702 2615 787 2680 341
802 2615 862 2674 ooll
879 2615 952 2679 348
978 2613 1095 2674 Reunel.
1117 2614 1135 2672 Ι.
1157 2613 1174 2671 l.

134 2700 185 2764 57.
223 2699 318 2777 Atque
333 2701 506 2760 coniunctum
522 2706 568 2760 est
587 2719 630 2760 se·
680 2719 748 2780 pag.
765 2699 837 2766 597
873 2699 966 2777 Atque
980 2699 1022 2758 his
1037 2699 1175 2758 canalibus

134 2785 241 2862 quentis
285 2787 384 2865 eapitis
419 2791 628 2862 argumentum,
681 2805 792 2844 omnem
823 2785 945 2863 Aegypti
969 2785 1067 2844 faeiem
1096 2784 1176 2843 valde

132 2871 262 2946 quoniam
277 2877 405 2930 neumata
418 2871 562 2946 regionum
578 2872 630 2929 de·
681 2871 767 2928 fuisse
789 2877 922 2928 mutatam
940 2871 1012 2930 bene
1041 2871 1175 2929 credimus

133 2955 245 3033 scriptio
271 2956 505 3032 terminorumque
527 2957 630 3014 eonsti-
679 2953 827 3015 Herodoto
868 2956 1020 3032 expressim
1059 2956 1175 3029 notanti,

131 3039 301 3098 tuendorum
314 3041 384 3099 ratio
404 3039 527 3115 indeque
545 3043 630 3099 veeti-
681 3042 759 3117 equis
786 3045 816 3097 et
834 3038 956 3097 curribus
980 3057 1038 3095 non
1058 3038 1174 3116 amplius

131 3124 238 3200 galium
254 3139 364 3198 quoque
378 3123 585 3200 eligendorum,
592 3127 628 3184 ab
679 3143 743 3184 eam
764 3143 828 3183 esse
848 3129 958 3200 aptaro,
983 3137 1057 3198 quoe
1076 3122 1176 3181 seilicet

131 3209 176 3267 his
190 3205 329 3266 canalibus
342 3208 379 3266 ad
394 3214 496 3267 terram
512 3210 628 3269 fertilio-
679 3217 762 3269 antea
778 3215 806 3269 et
817 3209 938 3285 equitum
952 3213 981 3265 et
996 3223 1123 3264 curruum
1131 3225 1175 3264 ar-

133 3311 192 3352 rem
209 3291 512 3352 reddendamdeduetis
525 3313 627 3373 prove·
679 3301 816 3353 matorum
843 3293 924 3370 eopid
954 3291 1118 3362 abundarit,
1144 3297 1175 3348 ut

130 3378 234 3436 niebat.
277 3375 379 3454 Neque
405 3378 487 3437 etiam
515 3379 628 3439 omnino
679 3379 723 3439 vel
737 3378 872 3439 exExod.
880 3374 948 3434 xlv
948 3375 1173 3452 ‚9intelligitur.

130 3468 227 3522 auctor
246 3460 326 3520 huius
346 3462 386 3522 rei
414 3463 498 3523 luisse
520 3466 628 3524 videtur
679 3465 761 3524 Plura
769 3462 911 3522 Michaelis
923 3418 1070 3520 liosaisdr
1076 3459 1174 3521 Rechl.

130 3547 284 3620 Sesostris,
305 3567 366 3606 cum
382 3546 448 3606 talia
459 3551 544 3609 ante'
537 3570 628 3629 ipsum
678 3549 760 3628 lllp
776 3549 838 3614 213
854 3567 934 3624 seqq.

130 3633 184 3690 iam
197 3633 323 3690 instituta
340 3632 428 3692 fuisse
440 3652 573 3712 perquam
591 3636 628 3695 sit
720 3631 772 3694 καί
779 3633 942 3704 παντοίους
953 3649 1084 3708 τροπους
1093 3627 1174 3708 έχου-

132 3715 268 3790 credibile,
281 3719 332 3776 sed
339 3716 453 3798 mrrltruq
464 3718 627 3780 illaauxisse
677 3715 739 3795 σαι]
754 3717 887 3794 intelligit
901 3715 1009 3776 οακαίιι
1023 3719 1101 3773 νοτία
1117 3733 1173 3773 κιο-

131 3801 282 3878 meliusque
294 3803 438 3862 ordinasse
446 3804 555 3864 videtur
566 3823 625 3879 rex,
675 3803 710 3862 do
725 3822 922 3881 quoquoversus
935 3801 1067 3860 deductor.
1090 3799 1173 3860 conf.

129 3887 167 3946 ad
181 3905 261 3963 quem
278 3888 437 3967 principem
454 3890 514 3950 sere
527 3909 626 3966 regom
675 3886 880 3961 1,188199.

128 3969 328 4050 Aegyptiorum
384 3974 626 4048 adscribebantur,
708 3969 926 4070 πλατυτέροισι
945 3965 1081 4050 έχρέοντο
1094 3972 1173 4031 τοῖσι

1 4063 4 4072 ’
128 4073 311 4154 quaeeunque
348 4057 496 4136 splendida
540 4065 626 4134 atque
674 4048 850 4135 κόμαοι]ἰ.
865 4077 889 4116 ε.
911 4055 1022 4113 subiere
1033 4059 1100 4131 potu
1112 4059 1173 4114 ute-

127 4141 243 4217 egregia
262 4157 296 4202 ex
315 4143 479 4220 antiquitate
501 4142 627 4202 instituta
675 4142 817 4201 banturs.
840 4161 914 4219 αραο
934 4139 1052 4198 ιοίιιοτι.
1097 4137 1171 4198 Nam

2 4252 3 4287 ;
124 4223 223 4284 babuit
248 4222 419 4305 Aegyptus,
452 4229 524 4288 ad
517 4227 625 4306 imperii
675 4220 772 4288 πλατό
785 4219 870 4304 brimo
890 4223 1045 4299 Hesychius
1059 4221 1172 4298 exponit

1 4351 4 4386 J
124 4309 239 4370 laudem
252 4314 413 4372 nonmious
432 4332 517 4412 quam
532 4312 609 4372 ed
583 4332 624 4370 vr-
676 4305 830 4392 αλμυρόν,
851 4311 1024 4385 eandemque
1037 4307 1172 4385 roeispo-

2 4427 3 4478 q
124 4396 217 4454 tam'
210 4413 301 4473 ipsam
329 4397 503 4459 stultiorem
495 4397 622 4475 insignia.
674 4403 805 4458 testatem
821 4397 859 4454 sd
871 4393 971 4454 Athen.
990 4391 1035 4464 ll,
1050 4391 1171 4454 leom-

893 4473 960 4538 Μὴ

1290 3175 1296 3222 ί
