3008 5186
524 497 691 566 curo.
733 499 758 564 1.
1061 471 1138 573 ιιι

160 661 327 752 ,μηδαμὰ
347 665 488 752 μέζονας
508 664 712 756 dodoniaoue
729 631 800 740 zoio
820 673 903 752 νῦν,
932 670 1045 766 denigo
1064 669 1123 742 ori-

165 784 272 874 μὴν,
303 785 358 853 soi
384 783 476 856 εἷσον
502 786 562 858 τὸν
588 785 713 874 νεκρὸν
740 787 839 878 μήκεϊ
866 786 941 858 ἴσον
961 792 1060 863 ἐόντα
1080 797 1124 884 τῇ

139 907 293 996 4,,σορ9ῖ.
336 905 497 996 μετρήσας
528 907 581 995 db,
615 907 786 998 συνέχωσα
815 909 954 984 ὁσίσω,“
991 912 1031 982 ‘O
1058 912 1120 1002 μὲν

120 1187 218 1267 πίῃς)
245 1196 341 1249 monet
364 1187 464 1248 Mattb.
490 1185 519 1270 5.
543 1189 617 1266 534,
667 1189 743 1248 diras
757 1190 1010 1266 confabulatorem,
1037 1211 1164 1272 praeser-

113 1277 151 1348 4,
175 1279 245 1356 op
261 1275 353 1341 1048
666 1275 716 1336 tim
735 1277 783 1352 qui
801 1277 924 1338 retuderit
937 1297 989 1354 ea,
1015 1296 1087 1356 quae
1102 1281 1164 1358 ipse
1248 1291 1251 1299 '

156 1356 283 1440 podopd
308 1361 410 1440 scripsi
436 1377 497 1420 crim
527 1361 616 1421 Gaias.
666 1361 707 1420 sic
719 1361 841 1420 tradita
833 1373 976 1424 invenerat
993 1363 1091 1423 outab
1104 1364 1164 1424 aliis

108 1467 164 1528 pro
186 1446 302 1522 vugato
327 1449 465 1526 μηόημᾶ.
487 1445 570 1506 Conf.
590 1445 615 1522 1,
665 1452 818 1524 acceperat.
866 1446 908 1510 Δσ
942 1449 986 1510 vel
1019 1450 1164 1510 recentiori

109 1535 164 1598 56.
195 1530 266 1590 Mox
290 1525 395 1616 σ’νῷξσ
416 1531 540 1590 Ιοσίσσισ
564 1540 616 1608 est,
666 1537 758 1594 aetate
773 1532 903 1611 reperiri,
915 1552 986 1612 qnae
1000 1533 1165 1595 fidunoou-

108 1637 174 1677 cnm
195 1617 225 1676 in
247 1619 384 1676 communi
401 1617 520 1678 dialecto
536 1625 618 1680 sonet
665 1617 749 1678 ciliani
767 1624 873 1696 queant
889 1617 1057 1680 Herodoteis
1074 1619 1164 1695 dictis,

109 1697 256 1786 α’νέφξα,
308 1703 475 1766 observante
513 1701 615 1764 Mattb
665 1705 764 1764 merito
778 1703 1081 1764 admonethreberns
1096 1704 1165 1764 Plu-

109 1787 142 1870 S
160 1791 225 1854 168
239 1793 297 1846 not·
314 1791 331 1852 1
348 1809 379 1893 p
392 1791 466 1856 305
665 1789 741 1847 ribus
769 1809 882 1868 quoque
911 1791 949 1850 ad
964 1788 1051 1861 buno
1073 1789 1164 1850 locum

155 1873 208 1936 set
228 1867 360 1936 εἷσον
326 1897 383 1936 τον
404 1869 513 1954 vrnpdo
525 1867 619 1956 μήκεϊ
667 1875 792 1953 disputat
814 1875 899 1936 italus
925 1873 1085 1935 Herodoti'
1078 1883 1164 1936 mter-

116 1949 185 2020 Ισον
204 1955 288 2022 ἐόντα
305 1959 459 2046 τῇσορῷ]
481 1960 559 2022 Idem
579 1961 617 2020 de
666 1977 749 2039 pres,
774 1965 833 2018 turn
855 1979 1027 2020 communem
1045 1959 1165 2038 antiqui-

118 2043 230 2104 Orestis
247 1983 379 2106 cadavere
400 2054 508 2126 septem
537 2046 615 2106 cubi·
663 2045 730 2104 tatis
749 2046 908 2123 opinionem
933 2051 1164 2105 commonstretu-

115 2134 212 2188 tonmn
236 2131 355 2201 retenrnt
373 2133 484 2194 Solium
502 2131 615 2209 Polybi·
663 2149 711 2189 rus
717 2133 806 2208 ,qus
825 2137 933 2190 veteres
958 2132 1061 2191 heroas
1078 2149 1165 2191 vene·

114 2214 217 2273 stor.l
224 2217 313 2296 ,.7p
328 2217 368 2282 31
390 2219 463 2299 (qui
477 2238 532 2298 quo
546 2236 614 2299 pro-
662 2223 754 2291 retur,
791 2217 926 2276 maiorem
953 2235 1037 2296 quam
1067 2216 1166 2275 bnans·

116 2299 186 2374 bet,
211 2257 267 2358 dno
287 2303 408 2384 exemplo
430 2307 539 2387 profert
560 2302 614 2362 bo-
663 2321 729 2361 nam
763 2301 816 2360 illis
842 2302 991 2362 tribuendo
1019 2307 1164 2375 staturam,

115 2385 220 2445 minum
251 2385 395 2450 duodecim
428 2390 555 2471 pedum)
582 2394 613 2452 et
662 2393 722 2447 turn
735 2387 915 2447 Herodotum
934 2389 971 2446 ab
991 2389 1066 2447 omni
1083 2407 1164 2448 σσσσ-

110 2467 311 2531 Pbiiostrnt
303 2494 332 2534 ιιι
368 2473 498 2536 Heroicr„
527 2475 558 2551 1,
590 2479 613 2540 2
658 2474 772 2533 satione
787 2473 969 2547 liberaturus,
996 2473 1101 2553 quippe
1114 2473 1163 2552 qui

105 2575 138 2636 Ρ
161 2559 226 2623 668
251 2555 351 2642 ΟΙ-Ρ.
385 2564 427 2626 28
445 2562 541 2623 Boias.
566 2558 614 2620 hio
662 2560 781 2640 son'ptor
808 2557 929 2620 tabulam
947 2515 1064 2617 druitnrn
1083 2559 1164 2618 abest
1293 2631 1296 2636 Ι

107 2642 192 2701 eoam
201 2643 311 2702 addens
324 2645 419 2705 Ainos
431 2647 614 2708 cadaverun·
662 2646 718 2704 ut'
708 2665 772 2746 rpee
790 2643 941 2719 invenerit,
961 2649 994 2703 nt
1019 2641 1163 2704 Lacedae·

105 2727 198 2789 decim
212 2730 374 2790 cubitorum.
405 2731 470 2792 Neo
485 2731 537 2792 alia
560 2733 613 2792 de-
661 2732 817 2789 monioruin
831 2731 1017 2790 narrationem
1030 2727 1162 2801 retulerit,

102 2819 181 2874 snut.
193 2815 337 2894 exempla,
371 2817 475 2895 quihus
503 2823 611 2878 ueteres
661 2815 752 2894 ipsum
766 2815 931 2875 serrarium'
924 2835 953 2874 rn
968 2833 1079 2876 scenam
1093 2831 1164 2891 qua-

103 2897 211 2958 beroas
231 2901 351 2961 maiores
364 2902 503 2980 perhiberi
521 2907 611 2962 statu-
660 2901 686 2959 si
701 2901 862 2978 loquentem
877 2899 1022 2976 inducens,
1038 2917 1163 2960 omnem-

107 2985 139 3042 rb
153 2985 319 3047 aevastiore
336 3007 451 3066 corpore
465 2987 611 3068 praeditos
661 3005 716 3065 que
730 2985 897 3046 narrationis
919 2991 1026 3065 partem
1048 2985 1163 3046 mirifice
1190 3010 1197 3024 .

108 3069 347 3131 manifestumne
372 3069 435 3131 uu
450 3075 537 3134 modo
557 3071 611 3131 Ar·
660 3073 742 3150 qnasi
781 3073 914 3148 mitigant
953 3071 1046 3128 verbis
1086 3070 1163 3129 bisoe

111 3155 174 3214 nob.
195 3155 278 3214 advs.
301 3155 426 3232 gmtli,
442 3161 520 3239 ⁷⁵1³
522 3157 609 3224 ,105
659 3155 779 3219 sertorio
800 3157 926 3215 tributis.
955 3148 1018 3216 rinei
1039 3147 1113 3215 ὅδ’
1092 3175 1162 3216 σπι-

109 3239 176 3319 ibiq.
197 3241 296 3300 adnot.
318 3239 379 3300 Vol.
399 3241 473 3322 le.
498 3248 558 3310 113
581 3247 611 3304 et
662 3243 747 3321 στΙης
777 3236 820 3322 μη
852 3237 908 3321 μὲν
915 3237 1144 3405 ‘odos
1107 3259 1163 3317 μη-

111 3343 184 3402 qnoe
203 3325 240 3384 ad
260 3322 421 3387 Philostrati
440 3327 531 3389 locum
543 3349 611 3409 pro-
662 3323 744 3407 dopoi
761 3317 925 3406 pitouor’
904 3351 923 3387 o
988 3346 1090 3396 ωπους
1101 3325 1163 3385 τῶν

108 3408 292 3472 tuleruntviri
307 3411 401 3486 docti,
419 3413 552 3474 laudante
561 3415 609 3473 Cr
661 3415 731 3474 νῦν.
751 3413 805 3472 His
820 3413 948 3489 equidem
969 3410 1037 3470 nibil
1057 3409 1163 3470 addere

108 3497 140 3555 in
165 3493 331 3560 Couunentt.
352 3493 459 3558 Herod.
488 3521 517 3582 p.
537 3501 610 3565 301.
661 3497 764 3572 babeo,
785 3499 839 3558 nisr
830 3497 932 3570 'illud‚
954 3495 1162 3570 innarrafione,

107 3579 206 3660 Atque
266 3601 442 3644 oommnum
486 3590 612 3646 uetermn
661 3602 735 3662 qnae
756 3584 832 3664 apud
854 3581 947 3642 Sehol.
969 3581 1085 3642 Aristid.
1106 3579 1162 3640 bl.

108 3667 283 3728 Graeoorum
314 3669 407 3729 fuisse
440 3671 612 3748 superstitio·
659 3669 780 3748 legitur,
807 3687 908 3729 norem
933 3669 1027 3728 cubita
1051 3666 1162 3728 Orestis

109 3771 188 3828 nem,
212 3771 270 3832 qua
285 3753 383 3834 prioris
404 3753 467 3814 aevi
487 3753 610 3817 homines
660 3756 743 3814 tribui
764 3755 900 3815 cadaveri.
942 3751 1019 3812 Infra
1041 3751 1089 3826 ΙΙ,
1119 3753 1161 3816 91

110 3839 206 3898 maiori
247 3844 278 3900 et
312 3839 459 3900 robustiori
495 3859 611 3919 corpore
661 3839 750 3902 simile
762 3840 904 3919 quoddam
920 3839 957 3898 de
971 3837 1067 3898 Persei
1077 3837 1163 3897 vesti·

108 3925 193 3984 fuisse
209 3925 374 4000 crederent,
397 3945 431 3985 ex
450 3925 504 3985 bac
518 3923 612 3984 Hero-
660 3925 708 4003 gio
727 3926 810 4005 pedis
831 3925 917 3983 nimio
942 3941 1012 4004 prae
1040 3922 1163 3982 bmnano

108 4010 192 4069 dotes
232 4009 393 4070 narratione
433 4011 611 4090 potissimum
660 4015 767 4071 statura
787 4010 914 4089 legimns.
958 4006 1090 4084 „Similia
1124 4008 1162 4067 de

113 4091 217 4172 ootiegit
230 4095 378 4156 bredow:
391 4093 612 4174 Untersucbnng
659 4097 828 4175 „Signrdo,
859 4093 1018 4172 Siegetrido
1043 4091 1162 4170 aliisque

115 4177 177 4236 aba
195 4179 319 4241 einzelne
337 4179 540 4257 Gegenstinde
558 4182 611 4243 der
658 4182 715 4258 „in
750 4182 952 4242 Germanomm
989 4177 1162 4255 aliorumque

114 4259 187 4320 olim
203 4265 359 4326 Gurbirbt.
389 4283 420 4324 u.
445 4265 669 4366 Geograpb,
658 4225 853 4344 „carminibus
904 4264 1004 4346 priscis
1046 4261 1161 4342 prodita

112 4363 144 4426 p·
170 4344 218 4412 fib
245 4351 424 4412 Herodotum
450 4357 543 4413 tamen
562 4353 608 4412 vir
659 4358 830 4434 „comparat
850 4371 914 4412 cnm
935 4349 1012 4410 bisce
1029 4347 1161 4408 Herodo-

109 4429 178 4506 σῐῑί,
208 4437 279 4510 qnod
306 4456 369 4497 cnm
387 4434 481 4497 Gellio
511 4435 606 4498 Noerr„
658 4438 739 4514 „teis
767 4438 869 4497 Editor
902 4453 993 4495 nouae
1028 4427 1159 4491 editionis

105 4515 164 4580 su
182 4516 241 4596 111,
272 4520 608 4586 minorennium
658 4523 791 4606 „operio
821 4521 885 4584 'Ibe
913 4519 1022 4594 history
1053 4499 1088 4575 os
1110 4510 1160 4574 tbe
