2984 5176
406 447 471 512 m
706 445 1062 508 Hauouorl

408 611 553 693 στένωσι
580 612 659 698 vtio
678 617 807 700 μοῦνα,
846 611 1013 697 morisco,
1042 611 1100 682 stoi
1119 611 1283 698 τοξεύειν,
1301 616 1357 684 zui

303 803 310 821 r
407 731 635 821 ἀληθίζεσθαι
677 733 757 821 πρὶν
783 732 821 803 ti
848 733 872 822 ἢ
898 732 1073 822 moeris
1101 733 1254 824 γένηται,
1292 734 1378 806 orias

406 850 594 922 ἀπικνέεται
604 851 638 936 ές
650 849 730 937 ὄψιν
744 859 792 946 τῷ
805 854 924 941 πατρὶ,
942 852 1025 924 cittii
1039 853 1132 940 παρὰ
1146 859 1222 944 τῇσι
1230 857 1364 944 γυναιξὶ

385 975 542 1044 θβέαιταν
562 973 635 1061 ἔχει·
677 978 740 1042 τοῦ
761 973 797 1043 δὲ
819 977 928 1044 εἵνεκα
952 981 1053 1044 τοῦτο
1086 974 1175 1044 οὕτω
1203 975 1367 1060 ποιέεται,

407 1097 466 1166 ἵνα
490 1094 535 1184 ἢν
562 1093 719 1184 ἀποθάνῃ
745 1094 964 1183 τρεφόμενος,
1006 1095 1168 1182 μηδεμίαν
1200 1091 1287 1183 ἅσρν
1316 1101 1368 1187 τῷ

406 1217 507 1300 πατρὶ
526 1213 710 1304 προσβάλῃ.

285 1349 362 1424 187
490 1334 600 1406 Αἰνέα
620 1333 682 1424 μέν
701 1359 767 1404 νον
785 1331 883 1406 τόνδε
902 1331 1106 1424 τὰννόμον·
1128 1333 1231 1404 αἰνέω
1248 1333 1286 1404 δέ
1305 1334 1368 1404 ταὶ
1466 1400 1470 1412 ,

158 1448 371 1508 incultarum·

158 1515 188 1548 ιι
217 1501 312 1561 capitali
332 1503 575 1557 cib—...-

363 1651 448 1736 paulo
460 1651 543 1714 aliter
561 1651 648 1713 uadit
666 1649 747 1712 Plato
763 1651 794 1711 iu
810 1647 860 1710 Al·
908 1649 1067 1713 testimonia
1082 1650 1119 1710 de
1131 1649 1255 1711 veritatis
1271 1650 1368 1710 studio
1381 1655 1409 1710 et

365 1737 465 1799 tibiaci
499 1738 513 1798 1
543 1757 609 1818 pag.
638 1741 717 1812 121,
751 1735 859 1814 Dseq.
909 1735 1072 1815 cuitu-apud
1084 1735 1185 1796 Persas
1204 1735 1335 1796 nonnihil
1350 1755 1407 1794 sm-

367 1825 434 1904 (cp.
459 1827 500 1889 17
522 1822 606 1900 Are)
647 1822 751 1901 Neque
776 1823 860 1882 etiam
909 1821 997 1902 piiata
1009 1827 1120 1896 censet,
1140 1840 1202 1880 cum
1216 1821 1245 1880 iu
1264 1822 1297 1879 iis
1313 1821 1404 1901 potius

366 1909 604 1972 cumHerodoteis
618 1927 734 1988 prorsus
748 1909 860 1989 conspi-
909 1907 1092 1966 insistendum
1111 1907 1160 1980 sit,
1189 1925 1262 1984 quae
1281 1907 1321 1966 de
1339 1906 1404 1966 Per·

366 2000 446 2069 rant,
467 2013 540 2072 quae
553 1995 591 2056 de
609 2013 759 2073 puerorum
776 2000 860 2070 atque
909 2011 1003 2052 sarum
1028 1991 1149 2050 moribus
1177 1991 1207 2050 iu
1234 1991 1405 2050 nobilissima

366 2079 628 2140 adolescentulorum
647 2080 817 2140 instiurtioue
831 2097 863 2136 a·
911 2076 1106 2157 Cyropaediae
1126 2075 1251 2136 clausula
1268 2076 1402 2154 legantur.

365 2165 426 2245 pud
441 2164 541 2223 Persas
564 2166 667 2225 usitata
688 2163 782 2222 scribit
802 2163 861 2222 Xe·
953 2162 1103 2243 μηδεμίαν
1138 2156 1219 2241 ἄσην
1245 2165 1292 2246 τῷ
1315 2161 1404 2244 πατρὶ

367 2249 481 2328 nophou
497 2246 861 2328 incyropaed.1,2§.4
908 2241 1085 2332 προσβάλῃ]
1136 2247 1290 2327 μηδεμίαν
1327 2245 1406 2328 ὅσην

366 2352 446 2411 seqq.
461 2333 521 2392 coli.
536 2334 559 2409 1,
574 2337 595 2398 3
609 2332 637 2414 ἓ
647 2337 677 2398 3.
699 2333 748 2408 IV,
761 2331 819 2413 ὃς.
828 2333 859 2398 5.
908 2331 985 2394 haud
1011 2333 1096 2392 dubie
1118 2352 1185 2392 vero
1206 2339 1249 2392 cst
1272 2333 1407 2395 librorum

366 2417 399 2476 in
413 2437 520 2478 srmrms
538 2427 629 2478 tamen
649 2421 695 2476 vix
710 2418 753 2480 iile
767 2425 795 2478 et
814 2438 860 2478 re-
907 2415 1007 2494 lectio,
1028 2419 1103 2478 orius
1114 2417 1175 2478 ioco
1193 2437 1267 2476 uuus
1281 2419 1407 2498 μηδεμί-

365 2501 433 2581 liqui
446 2507 593 2582 scriptores
605 2503 793 2564 abHerodoto
807 2505 859 2562 ad·
910 2526 949 2564 αν
962 2498 1097 2584 βλάβην,
1118 2501 1257 2564 locutione
1270 2505 1404 2562 Herodo-

364 2591 478 2650 ruodurn
499 2589 666 2648 discordant
709 2588 783 2648 Nam
804 2589 858 2648 tria
907 2595 954 2648 teu
981 2590 1019 2648 ad
1045 2588 1185 2665 vulgarem
1221 2589 1405 2664 conformant,

363 2673 428 2747 iila,
450 2689 524 2751 quae
535 2693 638 2754 pueros
659 2674 751 2734 doceri
765 2673 859 2733 scribit
908 2673 953 2734 aiii
968 2675 1118 2754 μηδεμίαν
1132 2667 1246 2754 βλάβην
1259 2665 1345 2753 ἇηδῆ
1356 2675 1405 2736 vei

363 2757 485 2834 Noster,
506 2759 542 2818 ab
568 2759 644 2821 hisce
660 2759 764 2840 pariter
785 2759 859 2818 iudi-
908 2760 1059 2840 μηδομίην
1073 2756 1153 2834 ἄσην
1170 2753 1265 2838 α’ρδῆς
1287 2757 1319 2818 iu
1341 2763 1406 2838 qui·

363 2849 475 2917 cantur,
495 2846 643 2926 praecipue
660 2845 771 2904 tertium
791 2844 858 2904 illud
907 2846 960 2904 bus
974 2846 1099 2906 omuibus
1109 2845 1292 2922 glossatorum
1304 2865 1404 2906 marrus

362 2935 556 3008 praeceptum,
569 2950 626 3010 quo
636 2931 778 2992 veritatem
785 2951 859 2990 sum·
908 2929 988 2992 facile
1002 2951 1146 3008 agnoscas.
1162 2930 1292 3009 Namque
1300 2931 1404 2991 Gram-

289 3009 294 3022 '
364 3033 410 3075 me
427 3013 549 3082 colerent
564 3017 673 3095 ipsique
696 3035 779 3094 quom
800 3034 859 3075 mo·
908 3017 1000 3076 matioi
1015 3017 1133 3076 Atticam
1147 3035 1245 3076 vocem
1261 3012 1340 3094 ἄσην
1354 3037 1405 3078 ex-

363 3101 435 3164 itiore
469 3108 564 3161 essent
594 3102 714 3162 veridici.
762 3099 859 3160 Nolim
908 3101 1012 3180 plicant
1031 3095 1159 3180 ἀηδίαν,
1181 3101 1405 3162 latinosermo-

363 3194 491 3268 repetere
502 3188 659 3248 testimonia
679 3207 696 3246 a
714 3187 859 3246 Brissonio
908 3206 992 3248 moue
1008 3186 1128 3261 luctum,
1149 3187 1261 3246 ἀνέστιοι
1279 3207 1314 3246 ac
1335 3207 1405 3266 pro-

364 3270 858 3348 soreosl.1.11,88.101-104
907 3273 968 3351 prie
987 3274 1100 3351 quidem
1123 3273 1225 3346 sodo,
1241 3271 1405 3351 festidium.

362 3359 459 3418 incius.
482 3357 605 3420 Nostrae
626 3359 726 3419 aetatis
748 3355 858 3432 Persas,
908 3357 937 3417 T
938 3377 956 3416 u
976 3355 1054 3435 fegas
1075 3359 1142 3420 mihi
1161 3359 1305 3438 copiosam
1327 3358 1407 3422 Pier-

360 3458 528 3520 quamquam
551 3443 580 3501 iu
601 3444 643 3502 his
661 3442 743 3501 vaide
756 3443 857 3502 similes
907 3443 970 3502 soui
990 3444 1205 3522 disputationem
1224 3445 1265 3504 ad
1286 3444 1404 3504 uacuo

361 3525 509 3586 maioribus
532 3529 603 3602 suis,
625 3527 701 3604 quod
718 3529 856 3602 venando,
907 3547 975 3608 pag.
996 3533 1039 3594 60
1056 3548 1132 3607 seq.,
1151 3530 1181 3588 iu
1202 3549 1260 3608 qua
1273 3529 1404 3589 Heudo-

362 3610 700 3689 equitando,ssgittaudo
717 3613 858 3673 delectau-
905 3619 981 3673 teum
1008 3614 1099 3676 locum
1128 3633 1188 3674 uon
1215 3614 1341 3692 neglexit.
1362 3647 1396 3660 -·

360 3703 420 3769 tur,
441 3694 592 3773 inrdiquis
605 3697 799 3756 dissimillimos
812 3717 857 3758 re·
904 3693 1063 3784 προσβάλῃ
1089 3719 1151 3760 orm
1182 3698 1341 3761 Gaisisrdio
1368 3721 1403 3762 ex

358 3779 458 3861 periri,
482 3781 595 3842 minime
622 3784 775 3857 veridicos,
804 3785 856 3843 scd
904 3785 1047 3846 meliorum
1072 3785 1204 3846 librorum
1234 3786 1402 3847 auctoritate

286 3941 289 3949 Ι
357 3865 480 3926 omnium
494 3867 610 3928 maxime
620 3869 756 3949 perfidiae
770 3873 854 3946 atque
903 3873 1090 3952 rescripsimus
1105 3891 1158 3951 pro
1166 3865 1413 3951 vugapoopsi:

356 3951 508 4012 mendaciis
531 3950 658 4028 deditos,
694 3951 778 4012 fidem
800 3953 854 4012 sui-
902 3959 950 4042 tp.
964 3985 1010 4002 --
1026 3958 1114 4026 Quod
1134 3955 1274 4038 praecedit
1288 3950 1400 4034 τρεφό-

355 4036 445 4098 lentes
458 4056 511 4097 nec
529 4035 587 4096 uilo
605 4041 690 4099 modo
710 4039 853 4117 promissis
902 4041 1399 4124 psuogrccteerpouituranrwgh.:

358 4127 480 4196 stantes,
508 4141 565 4181 uuo
587 4127 713 4185 {oreore
734 4123 854 4186 clamant
901 4127 1004 4202 „duro
1032 4129 1108 4205 opud
1130 4126 1248 4190 notiaco
1270 4127 1400 4188 educo·

356 4207 445 4268 nostri
459 4207 600 4284 homiues,
620 4209 668 4288 qui
686 4207 747 4268 illas
758 4211 853 4288 regio-
902 4217 1066 4293 turpucr.“
1382 4213 1389 4224 ”

354 4313 406 4355 ues
426 4291 634 4373 periustraruut
676 4295 740 4356 vid.
762 4296 852 4356 Ham-
1007 4341 1056 4402 ca
1114 4339 1279 4402 CXXXVII

354 4399 423 4442 ms.
456 4379 485 4438 in
523 4379 638 4442 waso
662 4381 758 4442 saus.
786 4382 852 4442 vui
1062 4361 1091 4422 Ρ·
1279 4385 1288 4402 ·

354 4465 638 4549 popm-888,
659 4469 708 4547 qui
727 4474 850 4530 vuum
941 4463 1042 4532 Αἰνέα
1061 4466 1118 4550 μέν
1147 4491 1207 4533 νον
1228 4459 1322 4532 τόνδε
1346 4464 1401 4534 viv
