3048 5218
401 435 465 507 ΕΒ
699 427 1052 494 nunonem

401 598 502 688 ἄτιμα
529 602 690 668 ποιεῦντα
718 597 751 678 ές
779 593 921 677 αάτοάς,
963 595 1019 663 καί
1045 611 1149 680 σφεας
1175 587 1413 661 ἀπιλέσθαισσ

400 718 460 801 τάς
483 717 646 806 ἀρούρας,
663 723 749 786 τοῖσι
773 714 827 783 uu
845 720 913 783 τῶν
934 711 1103 800 προτέρων
1122 710 1286 800 βασιλέων
1300 714 1369 781 οο-

380 837 528 908 Ξᾶόσθαι
549 835 733 922 ἐξαιρέτους
754 831 879 924 ἑκάστῳ
908 831 1060 902 duellem
1081 828 1240 918 ἀροάρας.
1275 832 1365 920 μετὰ

403 958 457 1041 δέ,
478 953 525 1026 ld
548 959 719 1044 Αἴγυπτον
740 953 891 1024 ἐλαύνειν
912 952 1056 1038 στρατὸν
1075 950 1179 1039 μέγαν
1200 953 1365 1040 Σαναχά-

404 1081 503 1164 ριβον
522 1075 658 1166 βασιλέα
682 1071 846 1163 Ἀραβίοιν
873 1095 908 1159 τι
928 1071 987 1141 καί
1011 1069 1202 1156 Ἀσσυρίων.
1247 1069 1367 1143 οὔκων

404 1194 446 1284 tsi
469 1196 595 1265 ίθέλειν
614 1193 695 1277 susle
715 1195 878 1283 μαχίμους
898 1197 968 1260 τοῖν
980 1193 1172 1278 Αἰγυπτίων
1186 1193 1412 1281 βοηθέοιν·9ο

403 1314 464 1386 τὸν
485 1313 519 1384 tt
544 1312 617 1398 ίρέα
637 1313 670 1396 ἐς
692 1310 837 1399 ἀπορίην
857 1310 1093 1398 ἀπειλημένον,
1122 1310 1301 1384 ἐσελθόντα
1322 1311 1358 1394 ές

403 1432 442 1503 vsi
466 1433 632 1523 μέγαρον,
663 1433 747 1519 πράς
773 1431 929 1520 τάγαλμα
955 1427 1188 1516 ἀποδύρεσθαι
1210 1427 1262 1501 σία
1278 1457 1349 1500 πιν-

363 1551 542 1624 ,θέννεάτι
567 1551 713 1623 παθέειν.
753 1548 1005 1639 ὀλοφυρόμενον
1031 1547 1065 1620 θ’
1088 1549 1155 1636 ἀρα
1183 1577 1244 1638 μιν
1268 1551 1353 1620 luel·

405 1681 483 1744 θιῐν
506 1673 631 1759 ὕπνον,
650 1674 708 1742 ιιαί
730 1674 764 1742 ot
783 1669 877 1754 δόξαι
896 1670 935 1740 ἐν
954 1675 996 1759 τη·
1015 1668 1088 1752 ὄψι,
1110 1669 1287 1740 ἐπιστάντα
1303 1675 1364 1741 τὸν

365 1971 468 2030 tionem
492 1969 676 2028 necessatium
697 1967 785 2026 videri
804 1967 857 2025 ud·
904 1969 976 2028 rium
1010 1985 1161 2046 ouwpasse
1198 1987 1339 2048 unumque
1366 1971 1409 2030 de

363 2054 436 2128 iieit,
460 2053 484 2112 si
499 2053 638 2132 legeretur
655 2046 795 2134 ἀλογίην,
819 2053 857 2113 ud
906 2053 979 2128 suis,
1004 2071 1140 2112 summum
1157 2052 1274 2113 Vulcani
1290 2056 1409 2134 pontiti-

364 2139 442 2218 quud
472 2141 608 2216 genitivus
632 2141 694 2200 τάυ
720 2137 858 2218 μαχίμων
907 2159 982 2213 uem,
1012 2138 1187 2198 eonstituisse
1208 2137 1337 2220 Aegypti
1361 2161 1408 2200 re-

363 2224 519 2298 reseratu,
561 2224 794 2301 quemadmodum
829 2224 859 2282 iu
908 2244 988 2302 gem,
1014 2224 1090 2282 cuius
1111 2241 1212 2283 nomen
1231 2228 1270 2284 ad
1285 2229 1408 2304 posteri-

363 2307 472 2368 Horou
488 2308 537 2384 Ν,
551 2310 621 2374 150.
656 2310 734 2369 Idem
756 2307 857 2367 similes
908 2316 1163 2389 tutempropeffure
1176 2311 1343 2370 studuesiut.
1357 2313 1408 2372 Cf.

364 2399 508 2472 comparet
521 2393 682 2471 locutiones,
697 2401 729 2452 ut
743 2393 779 2466 ll,
794 2396 857 2458 172
907 2394 994 2456 Beck.
1013 2394 1030 2452 l.
1042 2393 1061 2452 l.
1076 2392 1088 2450 l
1103 2415 1131 2472 p.
1140 2399 1205 2460 720
1219 2403 1248 2454 et
1261 2415 1314 2454 vau
1325 2395 1406 2455 lim-

364 2475 398 2542 έν
422 2478 513 2563 μοίρῃ
530 2475 632 2560 ἀγειν,
653 2485 682 2540 et
697 2479 774 2558 apud
788 2477 857 2536 alios
907 2479 1140 2556 burg-Brouwer
1153 2479 1223 2539 libro
1237 2481 1404 2557 sd11,172

365 2561 399 2628 έν
420 2555 525 2628 oldut
547 2557 626 2647 λόγῳ
650 2563 745 2644 tque,
774 2559 858 2644 ἀγειν
906 2563 1021 2626 laudato
1035 2583 1102 2644 pag.
1114 2567 1156 2628 67
1170 2585 1228 2642 seq.

365 2648 409 2710 vel
415 2649 557 2711 τίθεσθαι
567 2649 731 2729 (despicatui
741 2648 856 2725 ίιοίιττι).
950 2645 1162 2731 Σαναχάριβον
1173 2645 1293 2728 βασιλέα
1308 2641 1391 2728 Ἀρα-

364 2733 525 2793 Sclmeider.
541 2735 569 2792 in
583 2734 637 2793 lex.
650 2735 700 2794 Gr.
715 2755 737 2792 s.
754 2754 780 2793 v.
800 2756 856 2796 πα·
908 2734 986 2816 βίον
999 2757 1031 2796 τι
1044 2735 1094 2796 παὶ
1104 2729 1271 2814 Ἀσσυρίαν]
1291 2731 1394 2792 Detre-

364 2809 534 2916 ραγράομαι
569 2819 650 2877 scribi
684 2818 791 2876 mavult
821 2812 856 2881 τά
907 2839 955 2880 mu
975 2821 1062 2881 verba
1076 2819 1198 2898 losephus
1216 2817 1397 2894 mehueulog.

364 2923 521 2982 μοχιμον,
548 2903 625 2976 quod
648 2903 686 2962 ud
705 2925 856 2985 παροχρη-
908 2905 980 2980 Χ,1
1009 2904 1071 2986 §4
1096 2907 1190 2964 iusuu
1205 2903 1347 2962 Herodoti
1361 2903 1398 2962 li-

365 2980 499 3064 σάμενον
525 2988 700 3047 referendum
723 2989 773 3064 sit,
794 2988 857 3048 eoll.
907 2991 958 3049 bro
979 2990 1055 3050 haud
1076 2991 1175 3068 legisse
1192 2991 1321 3066 uueuu,
1340 3009 1401 3050 mm

364 3071 445 3148 Vlll,
467 3075 518 3139 20.
572 3073 860 3150 Schweighaeuserus,
906 3074 1084 3136 Herodotum
1106 3077 1135 3136 iu
1155 3095 1189 3136 eu
1209 3075 1318 3154 lspsum
1336 3094 1401 3134 οοο-

365 3159 443 3236 quod
452 3158 558 3239 probo,
574 3157 641 3218 nihil
652 3159 785 3234 mutavit,
796 3179 857 3218 cum
907 3163 1046 3238 queritur,
1060 3162 1138 3240 quud
1152 3181 1211 3220 non
1223 3160 1402 3238 Aequorum,

366 3241 483 3304 similem
524 3242 690 3304 locutionem
733 3237 857 3325 ἀλογίην
908 3247 958 3305 sed
970 3244 1091 3304 Arabum
1106 3245 1215 3306 dixerit
1224 3265 1328 3324 regem,
1355 3245 1403 3304 Li·

366 3327 457 3408 ίχετν,
478 3329 671 3407 eugenitivus
691 3329 858 3404 adstruatur,
907 3331 949 3390 bri
969 3330 1083 3408 scripti,
1113 3341 1251 3408 quantum
1277 3351 1329 3391 uos
1348 3331 1402 3388 sei·

365 3413 527 3473 Herodotus
556 3415 585 3473 iu
610 3421 702 3474 mente
731 3415 858 3476 habuisse
907 3435 982 3487 mus,
1003 3434 1103 3474 omnes
1126 3419 1248 3478 retinent
1266 3417 1346 3476 verbu
1365 3433 1395 3472 τε

365 3497 512 3572 videatur,
537 3505 645 3558 secutus
658 3519 721 3558 eam
741 3506 857 3560 structu-
907 3499 957 3563 τιαέ
970 3493 1148 3580 Ἀσσυρίων.
1189 3503 1234 3561 De
1252 3500 1332 3578 ipsius
1351 3517 1397 3556 re·

365 3599 442 3655 ram,
466 3584 502 3641 de
514 3601 570 3658 qua
590 3581 725 3644 Matthiae
739 3585 790 3644 Gr.
806 3586 856 3645 Gr.
907 3586 948 3664 gis
961 3586 1075 3645 nomine
1096 3585 1245 3665 disquisivit
1257 3582 1397 3641 Gesenius

365 3662 394 3746 §-
407 3667 479 3729 348.
500 3695 544 3711 -
566 3667 599 3728 οί
612 3664 741 3748 μάχτμοι
758 3669 858 3752 Alys-
908 3669 983 3731 οῦν.
996 3671 1127 3731 laudatus
1138 3669 1253 3729 udlesui.
1262 3667 1399 3742 XXXVI,

365 3749 462 3812 σιτίων
484 3751 556 3810 infra
570 3771 682 3831 quoque
701 3775 858 3816 memorau-
910 3761 1013 3836 1pug.
1025 3759 1107 3831 988,
1133 3755 1204 3813 utiu
1227 3773 1285 3830 quo
1310 3753 1401 3812 saneti

365 3840 411 3896 tur
431 3833 551 3906 11‚163
572 3836 634 3909 (ubi
647 3839 718 3915 vid.)
745 3840 805 3898 coll.
823 3841 859 3917 ll,
908 3841 1058 3901 sauerdutis
1072 3839 1229 3916 significatio
1243 3838 1400 3915 probabili·

364 3921 408 3985 30
424 3926 452 3978 et
463 3919 580 3978 Diodor.
598 3920 627 3996 l,
641 3925 691 3988 78.
707 3923 760 3989 94.
800 3927 858 3996 Qui
907 3933 950 3985 ter
963 3925 1056 3986 luteut
1094 3925 1138 3983 De
1150 3921 1266 4002 reliquis
1280 3924 1396 3983 diuinus

365 4005 440 4066 idem
467 4002 504 4065 de
527 4003 640 4064 διέλοντο
664 4007 748 4086 plene
775 4016 857 4070 tuuet
907 4011 1059 4072 inexcursu
1076 4010 1112 4067 ad
1126 4007 1154 4067 lu
1169 4007 1188 4066 l.

294 4099 296 4110 ·
365 4087 407 4148 Ae
420 4089 565 4168 suspiceris
585 4090 668 4166 lieet,
687 4093 724 4151 ad
743 4095 857 4154 militum
952 4095 983 4170 ές
1019 4089 1147 4172 ἀπορίην
1185 4085 1397 4172 ἀπειλημένον]

366 4181 477 4251 gentem
498 4175 727 4256 (Ktiegerkaste)
751 4182 856 4258 priores
908 4179 972 4240 viu.
988 4182 1014 4254 l,
1030 4180 1072 4247 24
1086 4180 1154 4258 ibiq.
1166 4187 1237 4238 nott.
1253 4179 1312 4238 coll
1328 4177 1398 4252 vlit,

366 4257 489 4336 Aegypti
499 4278 582 4336 reges
592 4263 773 4338 pertinuisse3
794 4265 856 4341 qui·
909 4270 979 4330 109.
1002 4267 1131 4340 1X‚34.
1158 4265 1192 4324 ln
1205 4284 1284 4342 seqq.
1296 4265 1331 4322 sd
1353 4261 1396 4344 μί-

365 4343 416 4401 bus
433 4345 574 4403 exstinctis
585 4352 635 4404 aut
646 4353 786 4424 potestate
798 4349 855 4427 pri-
905 4372 1000 4432 γαρον
1014 4353 1089 4410 cons.
1104 4357 1162 4409 net
1175 4352 1214 4410 ud
1224 4351 1253 4423 1,
1268 4349 1309 4415 47
1321 4359 1351 4408 et
1364 4349 1397 4408 ud

366 4427 436 4486 vatis
450 4427 606 4490 sacedotes
620 4449 753 4492 summum
767 4434 854 4513 impe·
905 4429 994 4517 ἀχοιρι
1009 4434 1038 4510 Ι,
1054 4437 1107 4500 38.
1124 4435 1194 4501 108»
