3008 5172
443 439 838 512 HUTHHPHH.
1037 452 1109 517 ’Μ

124 605 466 698 tsiooaerariodrs,
500 607 767 686 esiodutioos.
810 604 1110 688 odressiialosoi

102 871 462 956 siusiuvssrpmtooioros
473 869 605 938 tnssto-
654 875 779 938 Sediam
791 875 929 940 Herodoti
947 881 1040 938 rotate
1051 878 1146 954 titisse,

105 959 174 1024 nto
199 981 256 1038 μεν
282 955 500 1042 πρεσβηίρονς
524 958 604 1043 γενέ-
654 963 796 1040 quihosoe
813 969 912 1042 poetas
933 962 973 1024 ad
990 962 1147 1040 antiquiora

107 1043 204 1125 σθαι]
214 1045 515 1106 Herodotomnorisuus
529 1065 604 1106 anuo
652 1046 795 1107 retuterint
827 1055 972 1128 tempora,
1014 1047 1146 1126 ooiiigere

108 1131 178 1198 484
192 1151 216 1191 a.
231 1131 296 1190 Cir.
311 1133 398 1192 inisse
407 1137 503 1192 uatum
518 1132 534 1207 (
552 1131 602 1191 .Δ.
651 1133 718 1192 mihi
736 1152 821 1212 posse
834 1134 930 1192 videor
939 1153 973 1193 ex
984 1133 1146 1213 verbispost

110 1217 187 1278 Geli
212 1215 304 1276 Nocti.
323 1218 421 1276 Attiou.
442 1216 514 1292 XV,
529 1219 602 1292 23);
651 1219 780 1280 adiectio:
801 1213 854 1279 sui
867 1210 905 1280 oti
917 1215 1030 1280 otton.
1135 1251 1139 1256 ·

109 1305 151 1362 ita
165 1307 195 1360 ut
206 1302 323 1362 Homeri
345 1309 376 1362 et
391 1302 509 1362 Hesiodi
523 1309 600 1364 aetat

107 1389 138 1448 in
148 1407 209 1447 nun.
218 1391 282 1452 884
295 1407 322 1446 a.
337 1387 404 1446 Chr.
419 1388 455 1446 sit
466 1387 603 1446 collocan-
694 1377 780 1450 οὗτοι
793 1381 828 1449 di
842 1383 899 1449 sios
918 1383 951 1447 oi
964 1380 1145 1466 ποιήσαντες

105 1475 151 1532 da.
194 1473 283 1541 Quod
311 1491 379 1532 vero
409 1492 471 1531 cour
503 1491 603 1552 parum
651 1472 818 1553 θεογονίην
840 1465 984 1549 Ἕλλησι]
1024 1471 1144 1533 Multum

101 1564 244 1636 oougrssat
258 1559 312 1631 iis,
332 1575 407 1634 quae
418 1559 495 1636 apud
508 1565 604 1616 aueto-
653 1557 788 1619 sudansnt
815 1557 867 1616 uiri
900 1557 975 1616 docti
1002 1557 1032 1614 in
1059 1559 1144 1618 verbo

101 1663 167 1703 rem
189 1644 267 1700 vitoe
288 1642 402 1701 Homer.
430 1639 606 1722 5381egi·
651 1647 753 1705 ποιεῖν
769 1641 942 1722 explicando.
965 1641 1143 1710 Quumenim

103 1747 189 1800 mus,
223 1725 300 1784 unde
318 1726 455 1786 Homerus
478 1731 560 1794 1102
578 1748 604 1790 a.
652 1726 1034 1804 HomerusatqueHesiodua
1048 1725 1144 1787 Theo·

107 1812 181 1872 car.
204 1811 305 1869 vixisse
329 1813 465 1888 putandus
490 1815 543 1888 sit,
568 1833 603 1874 eo
652 1815 752 1891 gouiae
779 1811 894 1872 Graeuis
921 1817 1004 1872 antea
1031 1810 1144 1888 ignotae

109 1897 179 1957 oiim
197 1894 362 1955 inclinarunt
386 1898 436 1956 riri
456 1889 546 1973 docti,
572 1905 604 1960 ut
651 1900 809 1960 inventores
829 1897 940 1956 minime
960 1896 1014 1955 dici
1027 1895 1144 1976 possint,

109 1982 274 2042 alterutrum
286 1979 378 2040 iocum
401 1983 464 2040 sitio
477 1983 604 2044 laborare
652 1985 985 2064 quippeutroquepoeta
1000 1997 1144 2040 nonuora

107 2065 602 2143 indequeemendaudnmcenserent.
652 2077 682 2131 et
702 2089 720 2128 a
740 2088 772 2130 se
790 2068 909 2148 primum
923 2067 1077 2142 excogitate
1096 2083 1144 2126 oa·

107 2152 143 2212 In
158 2153 305 2211 Herodoto
318 2150 358 2210 uii
375 2157 480 2212 mutare
500 2153 602 2230 lioebit
651 2159 749 2228 uento,
771 2153 822 2214 sed
840 2153 952 2230 cognite
973 2157 1001 2210 et
1014 2169 1034 2210 a
1056 2151 1144 2210 maio-
1271 2151 1273 2156 '

107 2239 133 2298 si
149 2255 208 2315 que
229 2237 350 2296 oodiurm
367 2237 531 2314 auotoritas,
549 2259 603 2300 neo
651 2239 725 2300 ribos
747 2245 876 2318 aouepta,
896 2257 930 2298 eo
950 2237 1142 2312 confugerunt,

108 2323 284 2400 argumentis
294 2321 475 2402 pugnandum
490 2325 519 2382 in
532 2325 604 2384 eius-
651 2329 684 2384 ut
699 2329 800 2388 ποιεῖν
811 2325 963 2382 stetuereut
979 2320 1024 2380 hio
1037 2320 1144 2396 signiti-

108 2409 188 2468 modi
209 2426 266 2481 re,
298 2425 370 2485 quae
395 2413 440 2466 tot
466 2409 604 2488 mutisque
651 2429 734 2470 oure:
761 2408 882 2470 uersibus
896 2406 1039 2465 describere
1060 2410 1143 2484 utque

27 2564 30 2570 ¹
107 2491 318 2552 diffiudtatibus
343 2495 479 2573 premitur
504 2494 541 2553 ob
563 2495 605 2553 ni-
651 2513 752 2556 oruore.
782 2495 875 2564 Quam
890 2489 1143 2569 mammutium

107 2579 193 2638 roiam
219 2583 374 2656 tempouuu
400 2581 604 2639 obscuritatem.
652 2600 670 2640 a
695 2579 886 2656 Weoselingio·
900 2575 1055 2656 prolatam,
1075 2581 1143 2636 eta

107 2661 263 2723 Lareiterm
284 2663 415 2724 Velleium
431 2663 605 2726 Peterosdum
651 2657 946 2744 Lmthero'reoeptam
965 2661 1004 2720 ita
1015 2659 1144 2741 probarit

109 2747 165 2822 1,1
184 2755 311 2824 secutos,
334 2749 458 2808 Homero
472 2749 604 2828 adsignat
651 2749 891 2827 wyttenbachius,
919 2754 969 2822 nt,
995 2746 1043 2824 qui
1062 2746 1144 2806 aliter

109 2851 211 2893 anuum
230 2837 310 2908 9683
339 2834 387 2892 alii
411 2834 511 2908 alium3
529 2853 604 2914 quae
651 2841 813 2910 censerent,
832 2853 881 2894 eos
893 2833 972 2892 huius
984 2851 1048 2891 usus
1060 2831 1143 2908 igno-

109 2917 314 2996 hiodinoeptare
320 2919 556 2992 nonattinetousu
564 2919 604 2979 ad
651 2921 761 2980 ratione
776 2919 805 2978 io
815 2937 936 2980 errorem
955 2919 1080 2976 inductos
1097 2935 1143 2976 es·

110 3001 228 3061 Homeri
239 3003 330 3080 potior
345 3005 499 3078 historiam,
521 3024 604 3082 quant
653 3025 684 3066 ae
704 3005 912 3084 pronuntiaret,
940 3002 1032 3062 iocum
1051 3001 1143 3080 iprum

110 3087 150 3146 ad
163 3086 319 3146 Herodotei
333 3087 385 3148 loei
397 3091 605 3168 interpretatio-
653 3090 694 3149 sie
713 3089 816 3150 Latine
842 3088 978 3149 reddens:
999 3087 1058 3160 „lsi
1080 3102 1143 3144 oero

110 3190 177 3232 uem
201 3171 375 3249 pertineant,
391 3175 422 3234 iu
447 3195 504 3252 quo
526 3193 604 3233 snam
653 3179 731 3250 snut,
760 3177 808 3254 qus·
834 3173 939 3232 ἀενηνο
963 3173 1143 3246 generationes

110 3257 200 3336 ipsius
229 3254 266 3314 de
292 3255 411 3316 Homero
442 3259 604 3339 opinionem
653 3261 766 3321 Graecis
792 3261 909 3318 omniuo
933 3252 1143 3334 prodiderunt.“

110 3343 220 3423 profert
245 3339 378 3400 historiae
404 3349 497 3420 pater3
530 3364 605 3422 quae
651 3346 717 3406 Vid.
735 3350 793 3404 not
814 3345 852 3405 ad
874 3341 981 3402 Platon.
999 3338 1142 3398 Pmeuon

111 3426 207 3570 33³3
226 3425 381 3572 'titis
402 3427 603 3576 iiiiii
650 3424 1144 3595 attiidtiititttss

210 3553 221 3584 ,
686 3547 690 3558 .

111 3601 245 3670 nentem,
266 3615 351 3674 quam
366 3597 604 3680 Homerioumap-
651 3597 1024 3678 sumgenerotiouerereibus
1032 3595 1143 3670 dinone,

111 3680 216 3762 pellant
227 3682 356 3758 quidam,
369 3683 439 3742 etin
455 3687 605 3760 quaomni-
651 3686 803 3746 Homerum
835 3703 902 3744 rero
935 3680 1144 3758 Hesiodumqne

111 3783 152 3824 uo
161 3767 349 3844 eorpusistud
362 3767 523 3843 carminum,
531 3771 606 3846 quod
652 3773 757 3852 primos
770 3773 871 3845 inisse,
884 3767 1028 3846 qui,quae
1041 3766 1078 3826 de
1090 3761 1143 3824 diis

113 3849 231 3911 Homeri
257 3871 324 3930 prae
349 3873 380 3914 se
408 3856 465 3914 sert
492 3873 603 3930 nornen,
653 3875 805 3934 eorumque
837 3851 1059 3934 generationibus
1086 3855 1145 3908 tra·

113 3941 604 4102 iiiii‘ffliqdiiiiii
654 3936 1145 4103 tata'tttttxiit‘ssit

114 4105 255 4182 oouimgit
286 4107 476 4186 Herodotus,
511 4113 560 4188 qui
581 4112 606 4170 si
653 4109 793 4170 enimvero
806 4107 940 4168 eiusmodi
951 4099 1145 4176 sententiam

113 4189 208 4248 minus
226 4192 353 4269 aequales
377 4195 492 4269 iisesint,
520 4201 605 4270 certe,
652 4212 753 4254 uerum
768 4201 797 4254 et
810 4191 943 4252 orationis
962 4195 991 4248 et
1001 4186 1088 4267 ipsine
1099 4203 1146 4244 ar-

112 4274 374 4353 quaepiorimorum
395 4285 440 4339 est
458 4279 605 4354 sententia,
653 4277 778 4357 gumenti
801 4277 954 4337 somnam
976 4269 1145 4350 perpendas,

111 4378 172 4418 non
192 4359 273 4420 vaide
297 4364 399 4423 distare
423 4370 555 4444 putentur
576 4367 605 4424 et
653 4365 699 4422 vix
730 4367 916 4422 consentanea
941 4355 1079 4415 ridebitur
1100 4354 1145 4428 '¹5¹2

111 4445 150 4504 ad
164 4447 428 4511 nuumiereaevonr
441 4451 604 4512 referantru.
653 4465 726 4528 quae
750 4445 875 4528 proxime
898 4439 1084 4510 antecedunt,
1111 4442 1146 4496 ut

156 4527 316 4594 Heaonon
337 4532 361 4593 l.
894 4529 939 4590 aa
