2990 5228
413 485 480 549 hl)
520 481 807 548 HERODOT.
840 481 870 560 1,
895 483 947 550 98
1181 479 1251 544 925

108 662 239 742 reliquum
253 664 342 719 nutem
354 656 502 736 spelm
518 663 606 716 terroe
624 653 743 716 miudes
762 659 801 714 cst
815 686 851 698 -
867 654 974 712 tersas'ns'
983 657 1089 728 amors,
1110 655 1158 732 qus'
1171 655 1250 731 psiu-

111 784 162 843 pue
174 759 318 840 sout[*)],
340 761 428 822 odim
447 759 484 820 ud
504 778 588 819 usum
610 763 724 818 cautem
746 760 775 816 ris
794 774 894 816 murata
909 755 1026 836 sepulcro
1046 761 1139 831 aaut,
1159 753 1251 814 abhis

108 844 196 944 igitur
208 863 300 924 verbis
313 863 337 922 si
352 863 530 922 discedimus:
552 865 643 943 ipsam
655 860 812 920 Herodotei
826 858 877 919 loci
891 859 1058 919 sententiam
1067 863 1136 937 apte
1147 863 1176 917 et
1187 876 1252 936 per·

109 969 217 1047 cepisse
230 972 259 1026 et
269 966 426 1026 reddidisse
440 965 603 1024 iudicandus
616 965 653 1023 sit
664 962 844 1022 Etruscorum
855 967 1092 1022 monumentorum
1105 961 1253 1038 interpres.

108 1069 184 1131 Nam
200 1069 319 1149 primum
333 1049 538 1128 muniunt.
552 1067 571 1126 1.
591 1066 628 1125 ue
646 1064 689 1124 uu
701 1062 812 1140 Lydiae
828 1064 960 1144 spureo
979 1065 1021 1124 iu
1038 1064 1123 1123 refert
1144 1083 1173 1142 p.
1189 1063 1254 1126 soe

108 1191 182 1231 vers.
197 1171 307 1229 Germ:
330 1170 443 1244 „„Alte
458 1171 522 1230 sind
535 1170 587 1228 mit
599 1170 715 1246 guinem
727 1153 823 1226 Rasen
843 1166 980 1243 bederht,
1001 1167 1060 1236 und
1079 1186 1111 1225 so
1127 1164 1181 1226 viel
1201 1166 1255 1223 mir

107 1276 139 1334 iu
153 1274 199 1332 die
215 1271 314 1349 Augen
326 1271 425 1347 heieu,
438 1271 534 1332 ulrich
546 1276 629 1332 uuter
639 1269 723 1330 ihnen
735 1267 985 1342 herumwandelte,
1005 1269 1096 1329 haben
1108 1267 1180 1328 noch
1194 1267 1254 1327 ihre

109 1375 291 1472 Kegelforns,
311 1375 384 1436 ohne
397 1377 462 1436 dass
475 1376 521 1435 die
536 1375 634 1454 Spitze
649 1371 719 1431 auch
729 1391 783 1431 nur
801 1373 846 1432 ein
861 1373 953 1450 wenig
969 1370 1159 1450 eingcsunken
1172 1372 1254 1428 wiire.

110 1480 198 1538 Einer
215 1477 266 1535 der
279 1476 440 1555 Grabhiigel
459 1480 511 1538 auf
520 1477 610 1535 dieser
620 1475 721 1547 usne,
742 1475 794 1534 der
814 1475 897 1534 meist
916 1476 945 1533 in
964 1475 1015 1535 der
1035 1473 1119 1534 Mitte
1138 1474 1191 1532 aut*
1205 1472 1255 1532 der

14 1649 20 1656 ‚
113 1583 192 1640 Seite
210 1578 281 1638 nach
302 1577 406 1639 Sarde's
426 1579 511 1656 liegt‚
533 1597 591 1637 war
608 1578 659 1637 das
682 1574 816 1636 Grabmul
838 1576 888 1637 des
901 1576 1063 1653 Halyattes,
1084 1575 1186 1635 Vaters
1205 1575 1255 1634 des

116 1681 289 1740 Croesus.““
331 1681 443 1742 Deinde
466 1683 495 1740 in
515 1680 688 1740 monumenti
705 1677 821 1750 hibeni,
843 1681 919 1756 quod
938 1679 1125 1739 Curiatiorum
1144 1679 1256 1736 nornine

114 1781 219 1859 vsdgasi
231 1784 324 1855 uenit,
346 1784 490 1844 ruderibus
514 1801 597 1861 super
611 1782 673 1841 basi
689 1799 706 1841 e
722 1779 859 1858 lapidibus
880 1787 1021 1842 exstructa
1031 1783 1171 1858 hodieque
1181 1799 1258 1840 corn·

112 1892 215 1966 parcnt
227 1887 344 1964 vestigia
357 1888 472 1964 quinque
483 1904 606 1943 canorum
618 1883 785 1962 (inghiranri
799 1883 838 1942 lv
854 1905 883 1963 p.
902 1887 978 1949 168:
1000 1928 1048 1960 „„
1056 1884 1123 1943 Cosi
1135 1884 1164 1942 in
1176 1882 1259 1956 Albe,

112 1987 221 2048 colonia
241 1988 287 2048 dei
305 1988 400 2064 Frigi,
421 1989 480 2047 civi
495 1988 609 2064 digente
627 1985 679 2048 che
699 1987 723 2044 si
737 1988 793 2063 pub
813 1991 909 2046 tenere
927 2005 1073 2066 compress
1092 1983 1155 2046 nell'
1167 1986 1261 2044 antico

111 2090 245 2163 Mennis,
271 2089 292 2148 il
311 2089 489 2149 vecchissimo
510 2110 527 2150 e
547 2091 692 2149 notissimo
711 2085 837 2168 sepulcro
859 2089 1039 2148 denominato
1056 2090 1094 2150 de
1116 2087 1260 2147 Curiazih

112 2193 193 2252 anoh’
207 2211 269 2252 esso
279 2211 316 2250 uu
329 2191 400 2250 dudo
415 2192 506 2271 lepide
518 2193 669 2271 quadrato,
689 2192 733 2249 sul
746 2189 826 2271 poulo
840 2209 953 2266 sorgono
967 2194 1061 2270 cr'npsse
1073 2191 1260 2269 poncoaffl

112 2327 157 2344 ι·-
171 2295 212 2355 Se
227 2315 265 2354 ne
275 2314 368 2372 vegga
380 2295 408 2354 la
421 2297 510 2372 figura
521 2295 576 2353 alia
591 2312 644 2353 ser.
658 2291 697 2351 Vi
717 2302 773 2352 tau.
784 2293 819 2354 F.
834 2297 853 2357 6
873 2314 948 2354 num.
968 2295 1032 2370 10).
1090 2303 1094 2314 '

201 2397 313 2473 „Unde
331 2397 405 2457 haud
426 2398 524 2476 inepta
544 2396 703 2456 coniectura
723 2402 782 2470 cst,
808 2395 931 2473 Alyattei
950 2397 1021 2456 illius
1042 2395 1159 2476 sepulcri
1179 2395 1260 2456 busin

113 2501 254 2581 lapideam
273 2499 359 2558 fuisse
377 2499 486 2557 cubam:
507 2497 640 2557 tumulum
661 2517 677 2558 e
698 2502 775 2558 terre
795 2505 960 2577 aggestum,
981 2517 1082 2558 comm.
1124 2497 1217 2576 Atque
1237 2499 1262 2558 si

114 2609 292 2682 reputemus,
313 2619 459 2659 numerum
473 2601 647 2676 pyramidum
662 2602 814 2678 prsimrissm
828 2603 871 2662 bis
884 2602 1031 2662 munorari
1049 2603 1133 2661 etium
1151 2598 1180 2659 in
1201 2621 1262 2660 mo-

114 2710 249 2766 numento
269 2703 430 2762 Porsennae
452 2700 524 2774 (vid.
538 2701 627 2762 Varro
640 2723 687 2784 ap.
701 2702 773 2763 Plin'.
788 2703 873 2779 1.1.),
902 2704 976 2763 haud
987 2685 1115 2764 'absurde
1137 2704 1263 2764 censebi-

115 2828 193 2890 mus,
214 2804 350 2867 eiusmodi
363 2803 564 2864 architecturae
576 2803 673 2883 Lydos
692 2807 764 2866 inter
780 2812 867 2886 atque
881 2805 1013 2866 Etr-sucos
1025 2811 1186 2866 concentum
1198 2811 1262 2864 tuu-

116 2930 201 2988 quarn
221 2928 323 2968 novum
337 2913 531 2984 argumentum
546 2910 678 2970 accedere
697 2909 747 2983 iis,
768 2928 840 2986 quae
859 2908 939 2989 plura
951 2909 988 2968 sd
1002 2907 1188 2968 narrationem
1202 2905 1263 2966 He-

116 3011 209 3070 rodoti
231 3011 282 3086 (i,
299 3009 363 3083 94)
385 3008 428 3089 ¹dc
445 3007 588 3083 Lydorum
605 3011 636 3068 in
654 3009 735 3068 ltelia
754 3011 878 3071 adventu
898 3011 1062 3069 firmandam
1079 3009 1170 3087 posita
1188 3013 1262 3068 sunt.

117 3111 172 3172 cui
185 3112 226 3170 rei
239 3113 322 3172 etiam
336 3111 483 3170 Osennum
501 3127 526 3166 v.
544 3109 576 3170 d.
596 3111 680 3170 tidem
698 3108 801 3170 hahere
814 3111 896 3170 video
911 3112 941 3170 in
952 3111 1142 3190 disputatione
1154 3109 1191 3170 de
1202 3129 1263 3168 mo-

117 3219 251 3273 numento
264 3213 388 3290 Phrygio
410 3232 499 3292 nuper
517 3219 639 3290 reperto.
681 3210 746 3270 Vsd.
766 3213 825 3273 eius
838 3213 890 3273 viri
904 3211 1026 3289 libellus,
1047 3213 1096 3291 qui
1108 3213 1264 3274 inscribitur

120 3311 217 3373 Midas
230 3331 296 3392 pag.
311 3318 351 3378 10
362 3315 513 3375 infra—“
535 3313 630 3374 CRE
640 3311 669 3370 U
673 3313 704 3372 Z
709 3311 784 3375 ER.

121 3488 330 3504 a*

156 3599 185 3668 Ι*)
211 3598 307 3666 [Minus
322 3601 444 3651 accurate
457 3599 697 3670 Schweighaeuser.
716 3597 783 3652 haec
799 3597 837 3652 ita
851 3597 981 3652 reddidit:
1001 3600 1114 3666 fueram
1127 3605 1214 3653 musas
1227 3599 1264 3653 ud

207 3703 390 3843 :ttttj
409 3685 1265 3844 i‘iuc‘if'fuffliffimaffi...

209 3875 300 3928 sosque
313 3858 431 3925 integrus
444 3857 530 3908 adbuc
550 3873 599 3910 usn
617 3859 698 3927 ipsius
715 3865 804 3912 muts
815 3859 924 3914 stetisse.
958 3858 1078 3930 Namque
1089 3861 1128 3914 ita
1139 3861 1264 3932 scriptum

207 3943 329 4016 legimusc
348 3932 431 4011 osipus
445 3936 730 4010 divinatines,
749 3933 996 4013 ἔτι-ἧσανη
1016 3944 1082 4014 ne]

492 4255 939 4273 m
