3048 5218
404 406 470 472 764
716 403 1072 469 nnuonorl

402 574 467 640 τοῦ
487 566 639 659 σώματος
659 571 696 644 dl
715 571 999 660 καταφθίνοντος,
1022 569 1057 652 le
1078 566 1162 640 duo
1182 574 1269 654 ζῶον
1289 570 1363 641 αἰεὶ
1393 581 1460 645 163

360 833 540 915 τεμβαίνειν.
589 833 655 903 Qua
681 833 759 894 breui
792 853 855 896 seu-
903 831 961 894 lere
974 833 1106 914 potuerit.
1132 828 1249 894 dtvero
1262 832 1321 892 iam
1335 833 1408 894 Ser-

361 921 449 981 tentia
460 919 634 980 declarantur
644 919 760 994 eadem,
782 939 855 997 quae
903 920 962 978 vius
983 919 1044 995 (ad
1059 917 1154 996 Virgil
1178 917 1248 978 Aen.
1274 917 1330 992 lll,
1345 923 1407 994 68)

360 1005 483 1087 pluribus
498 1004 641 1082 aliquanto
653 1005 746 1064 verbis
762 1003 854 1066 elocu-
901 1005 975 1064 iuter
988 1003 1044 1064 alia
1054 1003 1122 1062 baec
1134 1021 1248 1080 quoque
1261 1004 1409 1083 disputat:

361 1099 405 1150 tus
416 1096 461 1150 est
473 1089 644 1150 Herodotus.
687 1088 788 1168 Neque
803 1090 854 1150 ali·
901 1087 1059 1170 Aegyptios
1071 1089 1185 1148 ooudita
1191 1089 1301 1148 diutius
1311 1109 1408 1149 reser-

360 1175 455 1236 terbis
466 1175 504 1235 de
514 1175 598 1234 rmus
610 1175 731 1236 sensisse
741 1175 853 1236 videtur
901 1193 968 1234 rare
982 1175 1132 1248 mdavera,
1153 1179 1185 1231 ut
1198 1175 1295 1234 auims
1314 1175 1406 1234 multo

360 1261 460 1340 Zoipa
480 1260 517 1321 de
537 1259 663 1320 obelisor.
692 1280 757 1339 pag.
780 1263 855 1335 800,
903 1266 1031 1338 tempore
1043 1259 1177 1338 perduret
1190 1265 1221 1318 et
1240 1263 1352 1338 eorpori
1367 1261 1406 1320 sil

360 1366 423 1407 oum
450 1345 479 1404 iu
499 1345 573 1404 bunc
593 1345 705 1404 modum
731 1365 856 1426 pronun-
903 1345 1032 1420 obnoxia,
1046 1363 1099 1404 uec
1110 1343 1403 1404 cituadaliostraus-

360 1432 425 1491 tiat:
451 1429 517 1507 „Et
533 1431 642 1491 videtm
664 1429 717 1490 boc
735 1432 855 1511 primum
903 1437 958 1490 eat.
1000 1429 1110 1499 Quibus
1130 1428 1206 1489 adde
1234 1429 1400 1490 Tertulliani

360 1515 397 1576 ab
417 1516 564 1595 Aegyptiis
581 1517 714 1575 traditruu
732 1518 854 1594 indeque
902 1515 992 1574 locum
1007 1515 1044 1574 de
1056 1515 1149 1574 anima
1161 1533 1223 1592 oap.
1235 1517 1279 1579 23
1293 1519 1397 1594 p.288

360 1601 399 1662 ad
418 1601 543 1660 Graecos
574 1600 731 1660 traductum
753 1602 853 1662 luisse:
901 1619 962 1677 seq.
977 1599 1072 1677 ibique
1089 1599 1158 1658 beer
1172 1602 1326 1678 praecipue
1338 1621 1399 1660 rer·

360 1707 423 1749 esse
444 1705 506 1746 eam
528 1686 635 1745 animae
659 1693 799 1760 naturam,
820 1693 853 1746 ut
903 1685 955 1744 ba:
984 1717 1024 1758 „·
1038 1684 1171 1762 --quod
1195 1689 1226 1743 et
1246 1685 1403 1745 Mamuda

360 1791 457 1852 perse
474 1772 511 1830 sit
522 1789 556 1829 ae
572 1770 668 1844 duret,
690 1771 854 1850 habitetque
901 1768 1057 1848 Aegyptius
1071 1771 1157 1842 uouit,
1169 1768 1264 1830 dioeru
1280 1773 1407 1830 anim

360 1859 391 1916 iu
401 1875 516 1936 corpore
525 1853 601 1916 velut
615 1857 644 1914 iu
655 1856 749 1930 domo,
769 1875 854 1933 quam
903 1855 1082 1932 digressama
1095 1874 1213 1933 corpore
1224 1858 1407 1916 uourefuudi

361 1943 422 2002 sine
436 1941 477 2000 sui
497 1941 602 2000 iactura
616 1939 772 2019 relinquere
787 1961 855 2021 pos·
903 1940 933 1998 iu
945 1940 1064 1998 animam
1074 1940 1206 2012 miverd,
1220 1941 1273 2000 sed
1286 1960 1405 2002 manere

361 2028 396 2087 sit
410 2027 480 2086 etin
498 2025 580 2086 aliem
593 2026 742 2087 transire.“
775 2027 854 2088 ldem
902 2025 1123 2098 determinatam,
1139 2026 1180 2083 uti
1193 2027 1345 2102 rationem,
1360 2029 1406 2086 in-

359 2111 511 2170 vlrdoetns
530 2111 559 2170 iu
578 2129 662 2190 opere
683 2113 796 2172 laudato
816 2113 854 2173 de
904 2111 979 2187 quit,
1000 2110 1075 2188 patri
1088 2111 1186 2171 reddat
1198 2131 1307 2187 eorum,
1328 2131 1405 2190 quae

358 2196 412 2256 bae
430 2195 631 2274 Aegyptiorum
657 2205 781 2258 veterum
802 2198 855 2256 do-
902 2194 930 2252 in
949 2213 1068 2274 corpore
1092 2197 1217 2272 gesserit.
1227 2199 1249 2232 “
1292 2197 1404 2267 Quibus

269 2340 275 2352 ,
359 2281 446 2341 etriud
463 2281 581 2340 maxime
602 2283 724 2342 omnium
742 2302 854 2362 prome·
903 2279 1051 2340 edoeeuur
1076 2278 1234 2358 Aegyptios
1264 2283 1404 2342 oondi'use

358 2367 413 2424 ruit
442 2384 560 2443 eamque
584 2366 723 2444 sigillatim
747 2373 776 2427 et
801 2387 853 2446 per
902 2365 1058 2437 mdavera,
1087 2367 1220 2442 quoniam
1241 2367 1403 2427 lanua

358 2470 423 2510 suos
441 2451 520 2528 quasi
535 2458 642 2512 meatus
663 2459 705 2513 est
721 2471 853 2532 perseeu-
903 2454 960 2508 tum
988 2449 1118 2510 volebant
1146 2470 1311 2530 permanea
1337 2455 1402 2512 aui-

358 2536 432 2596 tus.“
453 2569 496 2581 -
902 2554 984 2594 mam.
1038 2535 1226 2614 Cogitaudum
1251 2539 1324 2598 uria
1352 2545 1399 2596 est

399 2623 456 2683 τοῦ
479 2612 617 2700 σώματος
643 2616 677 2684 dl
701 2620 853 2700 καταφθί·
902 2619 1005 2699 duplex
1041 2622 1190 2699 antiquitus
1222 2621 1333 2680 omniuo
1361 2623 1393 2679 iu

358 2699 669 2784 vanos-laoderus]
690 2706 733 2766 Ex
751 2707 852 2767 Creua.
901 2703 1127 2784 Aegyptofuisse
1137 2725 1222 2782 genus
1233 2705 1393 2778 bominum

358 2795 516 2850 oommeutt.
534 2790 685 2852 Herodott.
701 2811 769 2870 pag.
787 2793 852 2858 319
902 2789 1019 2850 alterum
1042 2791 1208 2853 saoerdotum
1225 2790 1312 2868 idque
1332 2791 1398 2850 eul-

358 2893 437 2951 seqq.
452 2873 520 2934 baec
538 2875 576 2934 ad
592 2877 786 2938 acmratiorem
797 2875 853 2936 lori
901 2880 961 2934 tum
974 2883 1003 2936 et
1017 2878 1158 2951 emditam,
1169 2875 1287 2936 ulterram
1297 2882 1400 2956 pasto-

357 2958 568 3036 iutelligeutiam
606 2960 717 3021 adferre
756 2961 852 3022 lioent:
901 2959 1008 3034 uitium,
1031 2961 1118 3040 idque
1131 2963 1201 3022 rude
1212 2969 1243 3022 et
1254 2961 1402 3038 incultum,

358 3043 437 3105 Haec
454 3045 540 3104 verba
567 3045 605 3104 ad
630 3047 853 3124 metempsyebo-
902 3043 1061 3122 vulgaribus
1069 3049 1310 3127 superstitionibus
1319 3048 1402 3107 dedi·

358 3150 422 3190 seos
439 3131 593 3190 doctrinam
614 3133 784 3210 spectantia,
812 3133 853 3192 ita
901 3135 975 3204 turn,
997 3131 1075 3209 quod
1087 3132 1155 3194 iude
1167 3153 1226 3194 nou
1240 3135 1333 3214 potuit
1344 3151 1403 3192 uou

358 3215 496 3276 intellexit
507 3215 606 3294 Zoega
618 3215 636 3275 l.
649 3216 666 3274 Ι.
678 3237 709 3294 p.
719 3217 782 3282 310
790 3216 852 3277 ooll.
901 3215 1023 3274 animum
1035 3215 1191 3278 bumauum
1212 3221 1320 3298 corpori
1334 3238 1405 3296 quo-

358 3321 424 3381 pag·
441 3299 520 3374 204,
541 3309 574 3361 ut
588 3301 659 3361 bauo
674 3302 760 3362 luisse
776 3301 853 3380 vulgi
901 3300 1047 3359 dammodo
1059 3303 1251 3383 mancipatum
1260 3305 1404 3364 existima-

358 3385 491 3462 Aegyptii
519 3387 675 3464 opinionem
703 3393 851 3448 statueret:
902 3403 933 3444 re
945 3385 1171 3465 obnoxiumque,
1192 3389 1231 3446 ita
1251 3389 1319 3446 utri
1339 3407 1399 3446 uon

358 3470 564 3544 „animamuon
577 3472 653 3549 prius
672 3491 753 3549 quam
767 3471 853 3551 priori
901 3488 1103 3548 usquequaque
1130 3473 1247 3530 animam
1279 3470 1399 3531 interire

358 3573 475 3632 corpore
487 3561 615 3633 corrupto
627 3563 713 3634 atque
725 3557 851 3616 absumto
902 3555 1072 3615 existimaret
1095 3576 1208 3634 corpore
1234 3555 1343 3633 dilapso
1366 3561 1399 3616 et

357 3638 395 3698 ab
408 3657 443 3698 eo
458 3637 602 3698 discedere
622 3648 707 3718 atque
726 3643 764 3701 ad
783 3641 852 3701 illud
901 3639 931 3698 iu
943 3639 1048 3700 eineres
1065 3641 1208 3712 dissoluto,
1229 3657 1331 3716 vagam
1349 3647 1399 3700 ta·

357 3722 506 3781 naurire.“
549 3723 630 3791 Quae
662 3727 751 3786 citans
774 3727 853 3786 Hee-
901 3744 966 3784 meu
979 3743 1012 3784 ae
1027 3745 1114 3805 prope
1126 3724 1224 3783 nullam
1238 3724 1397 3801 imaginem

358 3809 450 3866 reulus
464 3804 570 3880 (ldeeu
585 3807 661 3884 11,2
681 3828 747 3890 pag.
764 3813 852 3887 198),
901 3811 1097 3888 notionemque
1112 3809 1216 3868 animae
1236 3827 1253 3866 a
1272 3829 1397 3888 corpore

357 3891 418 3952 iure
436 3890 559 3974 dubitari.
572 3911 656 3969 posse
670 3899 781 3968 ceusel3
802 3916 852 3956 ne-
902 3895 1040 3955 seiunotae
1053 3903 1080 3954 et
1091 3894 1125 3951 ab
1137 3893 1395 3956 eiuseervitiolibe·

358 3995 414 4055 que
432 3976 506 4036 euim
523 3975 639 4055 intelligi
656 3998 754 4057 posse,
781 3999 853 4058 quo·
900 3995 951 4038 rae
964 3981 1016 4040 sibi
1028 3979 1171 4037 informare
1183 3985 1290 4057 posset.
1315 3979 1396 4040 llaec

357 4061 443 4122 modo
464 4061 493 4120 iu
507 4063 641 4121 eiusmodi
659 4064 779 4143 populo,
803 4065 852 4144 qui
901 4064 925 4123 si
953 4071 1133 4144 reputemus,
1162 4063 1301 4140 simulque
1328 4065 1396 4124 illud

357 4146 561 4206 accuratissima
585 4146 749 4227 pollinctura
775 4168 851 4208 mor·
899 4153 1054 4225 teneamus,
1071 4149 1228 4208 saoerdoles
1242 4149 1396 4228 Aegyptios

359 4237 470 4292 tuorum
491 4233 627 4291 oadavera
647 4251 802 4312 perennare
823 4234 852 4292 iu
899 4235 1012 4294 novisse
1033 4241 1148 4294 naturue
1160 4235 1215 4292 vim
1229 4237 1340 4312 penitus
1354 4235 1395 4292 vi·

357 4321 522 4396 perpetuum
542 4315 681 4392 effecerit,
709 4317 793 4394 igitur
812 4317 851 4376 ibi
900 4317 985 4378 talem
1007 4337 1152 4397 uunquam
1180 4319 1343 4378 antinoum
1365 4325 1395 4380 et

358 4399 500 4482 quomodo
514 4401 649 4464 eiusmodi
664 4403 759 4485 opinio
774 4402 851 4464 inva-
899 4401 930 4463 iu
954 4402 1094 4464 infinitum
1110 4421 1280 4486 peruium,
1306 4410 1393 4484 atque
