2990 5228
238 415 309 498 ιω,
412 415 415 422 ·
594 410 1031 476 nxcnnsnsrv

239 593 348 666 ptorem
366 584 482 662 egregie
499 585 607 664 lapsum
630 603 692 644 esse
707 583 848 656 dicerent,
877 584 953 661 quod
971 583 1129 642 inferiorem
1146 580 1308 660 Aegyptum
1336 601 1395 661 pro

241 689 298 748 Nili
320 689 395 746 douo
416 687 545 762 heberet,
566 705 602 747 ex
618 686 694 746 fluvii
711 684 776 744 limo
797 685 880 746 allato
892 693 921 746 et
936 691 1069 762 congesto
1088 691 1184 744 ortum.
1227 682 1289 742 Niti
1309 685 1397 743 eumn

240 791 310 850 hune
321 790 480 870 opinionem
494 790 673 849 fundamento
686 806 745 846 non
757 789 823 848 satis
836 788 927 848 valido
938 789 973 848 de
986 789 1119 846 immenso
1134 786 1268 864 temporis
1281 783 1395 866 spatio,

241 895 316 972 quod
330 893 468 953 Herodoti
483 899 601 952 aetatem
612 891 809 966 antecesserit,
827 910 879 951 nec
891 891 1003 970 probari
1018 911 1100 970 posse
1113 889 1166 948 uisi
1178 895 1281 948 terram
1294 890 1394 968 ipsam

241 996 496 1055 commonstraveris
508 992 593 1054 multo
605 993 791 1070 antiquiorem
805 1014 964 1072 essequam
978 1015 1077 1074 reapse
1087 995 1179 1054 fuerit.
1221 991 1267 1050 lta
1277 991 1392 1052 Freet.

241 1099 270 1158 in
283 1099 365 1158 mem.
378 1099 415 1158 de
432 1097 528 1159 l’scad
538 1097 588 1156 des
601 1095 724 1174 inscript.
744 1101 765 1156 t
779 1096 854 1168 XVI,
866 1118 894 1176 p.
910 1099 974 1170 838
986 1117 1044 1174 seq.
1068 1093 1161 1156 XVlll
1182 1113 1212 1172 p.
1228 1097 1291 1158 188
1304 1115 1388 1174 seqq.

242 1207 345 1280 etpost
356 1201 424 1260 alios
444 1199 593 1279 praecipue
605 1195 760 1256 Larcberns
778 1197 808 1255 iu
823 1199 939 1276 copiosa
951 1201 988 1259 ad
1001 1197 1057 1257 lul.
1073 1197 1271 1276 disputatione
1314 1199 1390 1270 Qni-

242 1305 293 1362 bus
308 1323 397 1382 nuper
416 1301 533 1361 accessit
548 1298 686 1358 ldeuuert
706 1297 813 1375 Geogr.
829 1299 881 1360 der
894 1301 944 1360 Gr.
962 1321 989 1360 u
1003 1301 1087 1360 nam.
1102 1297 1150 1376 X,
1163 1303 1181 1364 1
1199 1319 1226 1380 p.
1239 1299 1306 1365 245
1317 1321 1383 1379 seq.

241 1404 305 1472 526
316 1423 387 1464 vana
401 1423 462 1463 esse
481 1403 602 1462 clamans
608 1444 620 1473 ,
640 1419 712 1478 quae
726 1401 892 1462 Hmodotm
905 1409 934 1463 et
950 1403 977 1462 ls.
991 1401 1010 1461 l.
1030 1407 1059 1461 et
1076 1401 1121 1478 11,
1137 1406 1178 1467 10
1187 1421 1238 1478 seq
1256 1405 1379 1482 perscri-

240 1507 306 1581 bat,
327 1525 388 1565 cum
400 1504 547 1585 Aegyptus
562 1505 637 1564 omui
658 1508 785 1582 tempore
805 1505 868 1564 tulis
888 1507 988 1578 suerit,
1009 1503 1099 1583 qualis
1117 1504 1209 1564 adhuc
1223 1505 1371 1564 insuunt

239 1629 291 1669 nec
308 1609 369 1680 ullis
381 1613 464 1668 auctu
484 1607 675 1678 incrementis,
697 1609 798 1685 quibus
818 1607 907 1670 solum
929 1605 1026 1666 elatius
1050 1607 1133 1665 fuerit
1150 1607 1304 1680 redditum
1323 1609 1384 1668 aet

240 1714 336 1791 utiquc
348 1713 490 1792 potuisse,
511 1717 541 1768 ut
551 1709 615 1768 olim
630 1707 767 1788 paludosa
780 1717 808 1770 et
822 1717 956 1787 stagnosa
970 1713 1045 1771 terra
1058 1709 1141 1768 inerit
1151 1709 1252 1786 Delta,
1273 1711 1390 1770 minime

240 1835 307 1893 vero
327 1815 455 1895 primitus
475 1813 560 1877 maus
580 1813 665 1872 fuisse
685 1813 783 1872 sinum.
827 1813 908 1882 Quae
931 1829 1084 1888 tamquam
1100 1812 1390 1888 prodnntauetnrem

240 1918 352 1994 minime
370 1917 466 1992 mens,
486 1911 569 1992 ‘desse
583 1937 617 1997 ys
631 1907 755 1978 σύνεσιν
770 1911 845 1994 ἔχει,
867 1921 898 1972 ut
910 1912 1048 1974 Herodoti
1063 1918 1126 1972 utar
1140 1915 1243 1973 verbis.
1284 1913 1396 1979 Helius-

240 2021 309 2080 vidit
320 2017 438 2094 Rennel
458 2019 487 2082 in
506 2039 603 2097 geogr.
619 2017 727 2076 Herod.
744 2035 812 2096 pag·
827 2018 889 2080 591
905 2033 983 2092 seqq.
1005 2019 1035 2074 et
1047 2015 1172 2094 inprimis
1186 2037 1218 2096 p.
1233 2016 1386 2091 598594.

239 2121 312 2184 Eum
327 2122 400 2198 euim
414 2124 574 2200 regionem,
596 2139 669 2196 quae
680 2117 765 2179 Delta
777 2123 904 2192 vocatur,
925 2117 1042 2179 indubie
1057 2119 1152 2180 scribit
1173 2121 1317 2180 continere
1337 2142 1388 2182 se·

239 2225 339 2300 stigia,
360 2225 438 2304 qnod
460 2225 552 2305 prisco
570 2242 641 2285 aevo
661 2221 737 2283 hand
754 2217 905 2294 exstiterit,
934 2219 986 2287 sed
1007 2224 1165 2300 temposm
1187 2223 1306 2288 dmsuu
1325 2223 1389 2284 Nili

239 2325 348 2384 adlusie
360 2333 441 2402 nats,
461 2326 611 2393 accedente
630 2323 749 2404 ppsthac
770 2320 891 2382 humana
904 2325 968 2382 otte
986 2323 1144 2400 operisque,
1166 2324 1320 2391 interram
1338 2326 1388 2386 fir-

238 2447 312 2486 mam
325 2433 355 2486 et
366 2428 552 2490 coutinentem
564 2427 688 2488 cesserit
726 2422 812 2492 Quod
817 2421 898 2492 idem
908 2422 1051 2500 permultis
1067 2426 1237 2502 argumentis
1249 2447 1283 2488 er
1296 2429 1384 2508 ipsius

239 2527 290 2588 soli
305 2535 406 2588 natura
418 2534 565 2608 terraeque
581 2527 726 2588 universae
740 2523 836 2586 indole
855 2525 979 2604 repetitis
1001 2524 1152 2588 luculenter
1171 2530 1303 2607 probarit
1324 2533 1384 2590 Διι-

238 2630 354 2709 dre'ossy
375 2631 405 2690 iu
421 2631 554 2711 descript.
571 2631 609 2692 dc
626 2631 697 2710 l'Eg.
719 2631 777 2688 etat
793 2628 868 2696 mod,
889 2629 971 2691 mem.
985 2628 1000 2686 Ι
1013 2650 1043 2708 p.
1055 2635 1118 2705 272
1131 2651 1191 2708 seq.
1201 2633 1263 2692 coll.
1273 2635 1376 2708 antiqq.

237 2730 292 2795 sol.
309 2731 392 2792 lsec.
406 2733 508 2794 livrais.
531 2753 599 2812 psg.
614 2735 657 2798 88
677 2750 768 2812 sqqq,
789 2737 820 2791 ut
833 2731 890 2797 iam
910 2731 1181 2816 dqbitarineqseat,
1204 2755 1267 2794 vm
1282 2735 1374 2796 Hero-

238 2835 334 2892 dotum
347 2835 481 2895 retudisse.
524 2835 610 2904 erod
627 2834 703 2894 idem
717 2832 821 2911 plausit
829 2819 974 2895 Heereuin
992 2834 1074 2894 ldeen
1088 2841 1139 2894 etc
1155 2833 1198 2910 ll,
1211 2842 1232 2902 2
1243 2855 1310 2916 pag,
1323 2841 1375 2906 su

237 2933 277 2998 81
296 2941 356 2997 not.
370 2934 432 3008 coll,
443 2956 472 3015 p.
482 2933 620 3014 55atque
634 2933 840 3013 Chamwllinni
852 2934 976 3016 l’Egypt.
993 2956 1056 2996 sous
1067 2935 1088 2994 l
1098 2938 1179 3018 pbar.
1189 2939 1219 3000 ll
1233 2942 1292 3020 pt,
1304 2963 1383 3021 sqq,

237 3037 286 3114 qni
298 3037 472 3115 cnuquorum
487 3039 651 3118 scriptorum
661 3039 824 3100 testimoniis
839 3043 870 3099 et
889 3039 1037 3118 geologica
1057 3039 1183 3105 locurum
1200 3042 1296 3106 indole
1317 3047 1383 3108 satis

236 3138 290 3202 hoe
302 3141 449 3219 probatum
464 3142 582 3216 iudicet,
602 3141 762 3221 Aegyptum
780 3141 937 3202 interiorem
958 3141 1025 3200 olim
1044 3144 1133 3206 fnisse
1153 3147 1238 3210 nassis
1256 3149 1385 3211 mediter.

237 3241 313 3302 ranei
329 3241 436 3318 sinum,
453 3244 501 3321 qui
516 3244 553 3304 ad
568 3242 757 3323 Memphidem
777 3253 862 3321 nsque
875 3250 905 3302 et
921 3244 1059 3320 mediam,
1080 3265 1156 3322 quae
1170 3267 1245 3312 nunc
1259 3250 1387 3326 habetur,

236 3341 394 3422 Aegyptum
408 3347 588 3425 pertinuerit,
609 3353 667 3408 tum
681 3366 747 3406 vero
759 3345 817 3408 Nili
830 3346 894 3406 limo
907 3345 1027 3424 repletus
1046 3347 1075 3406 in
1094 3335 1223 3425 paludes.
1235 3371 1270 3416 ac
1286 3361 1386 3430 stsgm

236 3446 392 3520 transierit,
412 3449 487 3509 unde
502 3454 576 3508 terra
598 3450 740 3509 continens
760 3450 908 3526 postmodo
931 3450 1064 3522 eraserit,
1087 3451 1258 3514 dousmento
1273 3475 1333 3514 esse
1352 3463 1378 3514 et

236 3547 358 3622 nogiomo
385 3546 529 3627 planitiem
555 3553 695 3611 montibus
716 3550 847 3628 utrinque
868 3552 954 3612 ferme
971 3551 1105 3614 inclusam
1124 3563 1153 3614 et
1174 3555 1262 3633 ipsum
1289 3555 1379 3618 solutu

235 3647 347 3724 nigrum
373 3649 580 3728 limosamque,
615 3652 692 3729 quod
713 3653 790 3712 fluvii
816 3653 926 3714 aslluvie
946 3656 1097 3731 quotannis
1123 3657 1218 3732 adgeri
1235 3663 1380 3734 appareat·

235 3749 366 3810 Omnium
384 3753 586 3814 accuratissime
606 3753 677 3816 hanc
696 3773 756 3815 rem
780 3756 910 3814 tractavit
925 3756 1026 3816 Ritter.
1042 3757 1186 3820 Hrdlsnnd.
1200 3758 1214 3816 l
1230 3776 1301 3838 pag.
1317 3759 1384 3826 840

235 3869 313 3928 seqq.
336 3848 398 3916 846
412 3871 471 3929 seq.
493 3855 557 3920 852
578 3876 657 3934 seqq.
679 3857 820 3918 Herodoti
841 3858 1022 3920 illustraturus
1042 3863 1221 3936 sententiam,
1243 3863 1295 3938 qui
1312 3863 1384 3924 insie-

235 3953 337 4014 riorem
350 3951 508 4033 Aegyptum
525 3957 602 4016 fluvii
613 3959 719 4020 donum
737 3961 985 4040 esse-pronuntiat.
1027 3961 1118 4039 Atque
1133 3963 1286 4041 probsttun
1305 3967 1329 4024 it
1344 3966 1381 4024 sir

237 4056 350 4131 doctus,
383 4055 443 4116 Nili
465 4059 689 4122 inundationibus
710 4070 739 4124 ct
759 4065 836 4124 fluvii
858 4063 968 4124 alveum
990 4065 1060 4142 erigi
1081 4071 1108 4124 ct
1127 4065 1217 4126 solnm
1241 4067 1379 4140 adiacens,

234 4159 414 4226 subveniente
433 4163 538 4237 pariter
557 4167 658 4222 natura
677 4171 762 4243 atque
780 4164 922 4228 bominum
948 4171 1026 4241 arte,
1054 4169 1200 4232 munds
1220 4169 1377 4246 aggeribus,

226 4261 324 4338 ¹ductis
339 4259 498 4338 canalibus,
519 4263 706 4342 adhibitisque
717 4267 857 4328 machinis.
891 4267 954 4328 Nec
968 4289 1036 4329 vero
1049 4271 1150 4334 eodan
1163 4271 1249 4336 modo
1267 4271 1379 4328 iisdem-

233 4382 288 4441 que
301 4363 434 4424 mensuris
452 4384 504 4444 per
519 4383 617 4428 omnes
637 4365 761 4446 Aegypti
780 4377 875 4448 partes
897 4375 927 4430 et
944 4370 1039 4432 Nilum
1062 4379 1093 4433 et
1111 4372 1201 4436 solum
1223 4373 1308 4450 erigi,
1327 4371 1374 4430 ssd
