<?xml version="1.0" encoding="UTF-8"?>
<!DOCTYPE html PUBLIC "-//W3C//DTD XHTML 1.0 Transitional//EN"
    "http://www.w3.org/TR/xhtml1/DTD/xhtml1-transitional.dtd">
<html xmlns="http://www.w3.org/1999/xhtml" xml:lang="en" lang="en">
 <head>
  <title>
</title>
<meta http-equiv="Content-Type" content="text/html;charset=utf-8" />
  <meta name='ocr-system' content='tesseract 3.04.00' />
  <meta name='ocr-capabilities' content='ocr_page ocr_carea ocr_par ocr_line ocrx_word'/>
</head>
<body>
  <div class='ocr_page' id='page_1' title='image "./herodotimusae00herogoog_0031.png"; bbox 0 0 3006 5174; ppageno 0'>
   <div class='ocr_carea' id='block_1_1' title="bbox 502 411 1107 480">
    <p class='ocr_par' dir='ltr' id='par_1_1' title="bbox 502 411 1107 480">
     <span class='ocr_line' id='line_1_1' title="bbox 502 411 1107 480; baseline 0 -10"><span class='ocrx_word' id='word_1_1' title='bbox 502 411 732 472; x_wconf 84' lang='lat' dir='ltr'>cL10.1.</span> <span class='ocrx_word' id='word_1_2' title='bbox 1065 417 1107 480; x_wconf 76' lang='grc' dir='ltr'>Π</span> 
     </span>
    </p>
   </div>
   <div class='ocr_carea' id='block_1_2' title="bbox 115 573 1142 904">
    <p class='ocr_par' dir='ltr' id='par_1_2' title="bbox 115 573 1142 904">
     <span class='ocr_line' id='line_1_2' title="bbox 115 573 1142 684; baseline -0.002 -36"><span class='ocrx_word' id='word_1_3' title='bbox 115 578 300 662; x_wconf 76' lang='grc' dir='ltr'>τύραννος</span> <span class='ocrx_word' id='word_1_4' title='bbox 326 576 360 646; x_wconf 82' lang='lat' dir='ltr'>di</span> <span class='ocrx_word' id='word_1_5' title='bbox 378 575 507 646; x_wconf 76' lang='grc' dir='ltr'>ἐθνέων</span> <span class='ocrx_word' id='word_1_6' title='bbox 529 582 599 646; x_wconf 73' lang='grc' dir='ltr'>τῶν</span> <span class='ocrx_word' id='word_1_7' title='bbox 622 575 851 684; x_wconf 37' lang='grc' dir='ltr'>ἔντόςῘΑλνος·</span> <span class='ocrx_word' id='word_1_8' title='bbox 870 583 1039 666; x_wconf 72' lang='grc' dir='ltr'>ποταμοῦ·</span> <span class='ocrx_word' id='word_1_9' title='bbox 1070 573 1142 659; x_wconf 75' lang='grc' dir='ltr'>ὃς9ο</span> 
     </span>
     <span class='ocr_line' id='line_1_3' title="bbox 123 693 1109 788; baseline 0.004 -22"><span class='ocrx_word' id='word_1_10' title='bbox 123 699 218 784; x_wconf 72' lang='lat' dir='ltr'>dicon</span> <span class='ocrx_word' id='word_1_11' title='bbox 239 693 306 764; x_wconf 67' lang='lat' dir='ltr'>dno*</span> <span class='ocrx_word' id='word_1_12' title='bbox 330 698 534 786; x_wconf 79' lang='grc' dir='ltr'><strong><em>μεσαμβρίης</em></strong></span> <span class='ocrx_word' id='word_1_13' title='bbox 556 695 677 785; x_wconf 76' lang='grc' dir='ltr'><strong><em>μεταξὺ</em></strong></span> <span class='ocrx_word' id='word_1_14' title='bbox 698 696 907 782; x_wconf 72' lang='grc' dir='ltr'>Σύρωνκαῑ</span> <span class='ocrx_word' id='word_1_15' title='bbox 930 697 1109 788; x_wconf 76' lang='grc' dir='ltr'><em>Παφλαγό-</em></span> 
     </span>
     <span class='ocr_line' id='line_1_4' title="bbox 129 813 1109 904; baseline 0.004 -20"><span class='ocrx_word' id='word_1_16' title='bbox 129 839 230 896; x_wconf 80' lang='grc' dir='ltr'>νων,</span> <span class='ocrx_word' id='word_1_17' title='bbox 256 815 328 898; x_wconf 73' lang='grc' dir='ltr'><strong><em>ἐξίει</em></strong></span> <span class='ocrx_word' id='word_1_18' title='bbox 349 814 431 902; x_wconf 73' lang='grc' dir='ltr'>πρὸς</span> <span class='ocrx_word' id='word_1_19' title='bbox 452 821 560 904; x_wconf 77' lang='grc' dir='ltr'>βορῆν</span> <span class='ocrx_word' id='word_1_20' title='bbox 584 813 707 903; x_wconf 75' lang='grc' dir='ltr'>ἄνεμον</span> <span class='ocrx_word' id='word_1_21' title='bbox 729 816 763 896; x_wconf 81' lang='grc' dir='ltr'>ἐς</span> <span class='ocrx_word' id='word_1_22' title='bbox 788 817 848 887; x_wconf 81' lang='grc' dir='ltr'>τόν</span> <span class='ocrx_word' id='word_1_23' title='bbox 869 815 1034 900; x_wconf 79' lang='grc' dir='ltr'>Εὔξεινον</span> <span class='ocrx_word' id='word_1_24' title='bbox 1047 841 1109 887; x_wconf 77' lang='grc' dir='ltr'>κα·</span> 
     </span>
    </p>
   </div>
   <div class='ocr_carea' id='block_1_3' title="bbox 5 1092 1235 2621">
    <p class='ocr_par' dir='ltr' id='par_1_3' title="bbox 5 1092 1235 2621">
     <span class='ocr_line' id='line_1_5' title="bbox 111 1092 1146 1178; baseline 0.002 -25"><span class='ocrx_word' id='word_1_25' title='bbox 111 1093 202 1154; x_wconf 77' lang='lat' dir='ltr'>rodeid</span> <span class='ocrx_word' id='word_1_26' title='bbox 216 1113 285 1178; x_wconf 76' lang='lat' dir='ltr'>pag.</span> <span class='ocrx_word' id='word_1_27' title='bbox 299 1098 351 1162; x_wconf 63' lang='grc'>18</span> <span class='ocrx_word' id='word_1_28' title='bbox 383 1092 463 1155; x_wconf 81' lang='lat' dir='ltr'>idern</span> <span class='ocrx_word' id='word_1_29' title='bbox 481 1095 604 1174; x_wconf 87' lang='lat' dir='ltr'>denique</span> <span class='ocrx_word' id='word_1_30' title='bbox 651 1095 747 1171; x_wconf 79' lang='lat' dir='ltr'>Halyn</span> <span class='ocrx_word' id='word_1_31' title='bbox 765 1095 841 1170; x_wconf 82' lang='lat' dir='ltr'>vise,</span> <span class='ocrx_word' id='word_1_32' title='bbox 865 1103 943 1157; x_wconf 74' lang='lat' dir='ltr'>extro</span> <span class='ocrx_word' id='word_1_33' title='bbox 964 1117 1047 1175; x_wconf 87' lang='lat' dir='ltr'>quem</span> <span class='ocrx_word' id='word_1_34' title='bbox 1075 1095 1146 1158; x_wconf 76' lang='lat' dir='ltr'>Asia</span> 
     </span>
     <span class='ocr_line' id='line_1_6' title="bbox 107 1180 1145 1262; baseline 0.003 -23"><span class='ocrx_word' id='word_1_35' title='bbox 107 1187 215 1257; x_wconf 80' lang='lat' dir='ltr'>monet,</span> <span class='ocrx_word' id='word_1_36' title='bbox 236 1182 382 1259; x_wconf 76' lang='lat' dir='ltr'>antiquum</span> <span class='ocrx_word' id='word_1_37' title='bbox 397 1180 540 1258; x_wconf 79' lang='lat' dir='ltr'>Lydorum</span> <span class='ocrx_word' id='word_1_38' title='bbox 552 1203 602 1242; x_wconf 80' lang='lat' dir='ltr'>ru·</span> <span class='ocrx_word' id='word_1_39' title='bbox 652 1181 747 1260; x_wconf 77' lang='lat' dir='ltr'>incipit</span> <span class='ocrx_word' id='word_1_40' title='bbox 779 1181 913 1259; x_wconf 73' lang='lat' dir='ltr'>superior.</span> <span class='ocrx_word' id='word_1_41' title='bbox 959 1182 1049 1262; x_wconf 76' lang='lat' dir='ltr'>Syros</span> <span class='ocrx_word' id='word_1_42' title='bbox 1072 1201 1145 1261; x_wconf 85' lang='lat' dir='ltr'>qnos</span> 
     </span>
     <span class='ocr_line' id='line_1_7' title="bbox 101 1259 1146 1345; baseline 0 -17"><span class='ocrx_word' id='word_1_43' title='bbox 101 1259 223 1342; x_wconf 74' lang='grc' dir='ltr'>ρᾶννον</span> <span class='ocrx_word' id='word_1_44' title='bbox 237 1286 341 1327; x_wconf 85' lang='lat' dir='ltr'>nomen</span> <span class='ocrx_word' id='word_1_45' title='bbox 364 1267 452 1327; x_wconf 79' lang='lat' dir='ltr'>fuisse</span> <span class='ocrx_word' id='word_1_46' title='bbox 473 1267 602 1341; x_wconf 72' lang='grc' dir='ltr'>Λαίλας,</span> <span class='ocrx_word' id='word_1_47' title='bbox 652 1265 775 1345; x_wconf 76' lang='lat' dir='ltr'>appellet</span> <span class='ocrx_word' id='word_1_48' title='bbox 810 1266 930 1342; x_wconf 81' lang='lat' dir='ltr'><strong>Noster,</strong></span> <span class='ocrx_word' id='word_1_49' title='bbox 965 1269 1035 1328; x_wconf 80' lang='lat' dir='ltr'>nlius</span> <span class='ocrx_word' id='word_1_50' title='bbox 1062 1267 1146 1344; x_wconf 80' lang='lat' dir='ltr'>vulgo</span> 
     </span>
     <span class='ocr_line' id='line_1_8' title="bbox 100 1351 1147 1433; baseline -0.004 -21"><span class='ocrx_word' id='word_1_51' title='bbox 100 1358 176 1412; x_wconf 83' lang='lat' dir='ltr'>teste</span> <span class='ocrx_word' id='word_1_52' title='bbox 196 1351 341 1429; x_wconf 80' lang='lat' dir='ltr'>Hesyohio</span> <span class='ocrx_word' id='word_1_53' title='bbox 365 1369 389 1410; x_wconf 84' lang='grc' dir='ltr'>ι.</span> <span class='ocrx_word' id='word_1_54' title='bbox 413 1371 440 1409; x_wconf 83' lang='lat' dir='ltr'>v.</span> <span class='ocrx_word' id='word_1_55' title='bbox 462 1359 492 1412; x_wconf 89' lang='lat' dir='ltr'>et</span> <span class='ocrx_word' id='word_1_56' title='bbox 514 1352 603 1410; x_wconf 80' lang='lat' dir='ltr'>Suide</span> <span class='ocrx_word' id='word_1_57' title='bbox 653 1351 779 1409; x_wconf 89' lang='lat' dir='ltr'>dicuntur</span> <span class='ocrx_word' id='word_1_58' title='bbox 796 1351 978 1429; x_wconf 77' lang='lat' dir='ltr'><em>Cappadoces,</em></span> <span class='ocrx_word' id='word_1_59' title='bbox 999 1359 1072 1412; x_wconf 88' lang='lat' dir='ltr'>teste</span> <span class='ocrx_word' id='word_1_60' title='bbox 1084 1353 1147 1433; x_wconf 90' lang='lat' dir='ltr'>ipso</span> 
     </span>
     <span class='ocr_line' id='line_1_9' title="bbox 100 1435 1148 1513; baseline 0.002 -19"><span class='ocrx_word' id='word_1_61' title='bbox 100 1457 124 1494; x_wconf 75' lang='lat' dir='ltr'>s</span> <span class='ocrx_word' id='word_1_62' title='bbox 148 1455 177 1495; x_wconf 83' lang='lat' dir='ltr'>v.</span> <span class='ocrx_word' id='word_1_63' title='bbox 208 1437 274 1495; x_wconf 78' lang='lat' dir='ltr'>coli</span> <span class='ocrx_word' id='word_1_64' title='bbox 296 1435 440 1496; x_wconf 75' lang='lat' dir='ltr'>iablonski</span> <span class='ocrx_word' id='word_1_65' title='bbox 467 1436 544 1496; x_wconf 77' lang='lat' dir='ltr'>Dios.</span> <span class='ocrx_word' id='word_1_66' title='bbox 567 1438 604 1498; x_wconf 87' lang='lat' dir='ltr'>de</span> <span class='ocrx_word' id='word_1_67' title='bbox 652 1435 760 1494; x_wconf 84' lang='lat' dir='ltr'>Herod.</span> <span class='ocrx_word' id='word_1_68' title='bbox 774 1436 804 1510; x_wconf 90' lang='grc'>1,</span> <span class='ocrx_word' id='word_1_69' title='bbox 826 1442 884 1510; x_wconf 77' lang='lat'>72,</span> <span class='ocrx_word' id='word_1_70' title='bbox 907 1439 954 1497; x_wconf 91' lang='lat' dir='ltr'>ubi</span> <span class='ocrx_word' id='word_1_71' title='bbox 968 1445 1062 1497; x_wconf 82' lang='lat' dir='ltr'>temen</span> <span class='ocrx_word' id='word_1_72' title='bbox 1076 1435 1148 1513; x_wconf 79' lang='lat' dir='ltr'>legi-</span> 
     </span>
     <span class='ocr_line' id='line_1_10' title="bbox 100 1513 1148 1602; baseline 0 -22"><span class='ocrx_word' id='word_1_73' title='bbox 100 1523 202 1598; x_wconf 82' lang='lat' dir='ltr'>lingns</span> <span class='ocrx_word' id='word_1_74' title='bbox 222 1521 346 1598; x_wconf 85' lang='lat' dir='ltr'>Lyoeon.</span> <span class='ocrx_word' id='word_1_75' title='bbox 365 1522 394 1581; x_wconf 88' lang='lat' dir='ltr'>in</span> <span class='ocrx_word' id='word_1_76' title='bbox 420 1523 543 1602; x_wconf 80' lang='lat' dir='ltr'>Opusoc.</span> <span class='ocrx_word' id='word_1_77' title='bbox 564 1520 604 1580; x_wconf 91' lang='lat'>111</span> <span class='ocrx_word' id='word_1_78' title='bbox 651 1527 698 1579; x_wconf 91' lang='lat' dir='ltr'>tur</span> <span class='ocrx_word' id='word_1_79' title='bbox 712 1513 830 1598; x_wconf 78' lang='grc' dir='ltr'><strong><em>Σύριοι.</em></strong></span> <span class='ocrx_word' id='word_1_80' title='bbox 852 1522 925 1581; x_wconf 77' lang='lat' dir='ltr'>Vide</span> <span class='ocrx_word' id='word_1_81' title='bbox 939 1525 975 1581; x_wconf 83' lang='lat' dir='ltr'>sd</span> <span class='ocrx_word' id='word_1_82' title='bbox 990 1523 1045 1581; x_wconf 77' lang='lat' dir='ltr'>iul.</span> <span class='ocrx_word' id='word_1_83' title='bbox 1059 1528 1148 1582; x_wconf 79' lang='lat' dir='ltr'>notat.</span> 
     </span>
     <span class='ocr_line' id='line_1_11' title="bbox 101 1605 1149 1688; baseline -0.007 -17"><span class='ocrx_word' id='word_1_84' title='bbox 101 1629 132 1688; x_wconf 84' lang='lat' dir='ltr'>p·</span> <span class='ocrx_word' id='word_1_85' title='bbox 148 1609 202 1671; x_wconf 90' lang='lat'>88.</span> <span class='ocrx_word' id='word_1_86' title='bbox 223 1607 363 1685; x_wconf 86' lang='lat' dir='ltr'>Equidem</span> <span class='ocrx_word' id='word_1_87' title='bbox 380 1625 455 1666; x_wconf 88' lang='lat' dir='ltr'>nunc</span> <span class='ocrx_word' id='word_1_88' title='bbox 471 1607 604 1668; x_wconf 82' lang='lat' dir='ltr'>lectorem</span> <span class='ocrx_word' id='word_1_89' title='bbox 655 1605 710 1664; x_wconf 84' lang='lat' dir='ltr'>Cr.</span> <span class='ocrx_word' id='word_1_90' title='bbox 729 1607 847 1666; x_wconf 72' lang='lat' dir='ltr'>conteni</span> <span class='ocrx_word' id='word_1_91' title='bbox 857 1608 934 1667; x_wconf 87' lang='lat' dir='ltr'>iubet</span> <span class='ocrx_word' id='word_1_92' title='bbox 946 1607 1066 1668; x_wconf 84' lang='lat' dir='ltr'>Wessel.</span> <span class='ocrx_word' id='word_1_93' title='bbox 1078 1607 1149 1668; x_wconf 86' lang='lat' dir='ltr'>Pro·</span> 
     </span>
     <span class='ocr_line' id='line_1_12' title="bbox 103 1691 799 1776; baseline -0.001 -24"><span class='ocrx_word' id='word_1_94' title='bbox 103 1691 210 1768; x_wconf 81' lang='lat' dir='ltr'>nbiego</span> <span class='ocrx_word' id='word_1_95' title='bbox 224 1694 263 1752; x_wconf 79' lang='lat' dir='ltr'>ed</span> <span class='ocrx_word' id='word_1_96' title='bbox 280 1693 423 1772; x_wconf 77' lang='lat' dir='ltr'>copiosam</span> <span class='ocrx_word' id='word_1_97' title='bbox 443 1694 481 1753; x_wconf 88' lang='lat' dir='ltr'>de</span> <span class='ocrx_word' id='word_1_98' title='bbox 494 1693 608 1776; x_wconf 62' lang='lat' dir='ltr'>tygurini</span> <span class='ocrx_word' id='word_1_99' title='bbox 654 1692 719 1752; x_wconf 81' lang='lat' dir='ltr'>oab.</span> <span class='ocrx_word' id='word_1_100' title='bbox 732 1712 756 1750; x_wconf 72' lang='lat' dir='ltr'>c.</span> <span class='ocrx_word' id='word_1_101' title='bbox 769 1695 799 1758; x_wconf 88' lang='lat'>9.</span> 
     </span>
     <span class='ocr_line' id='line_1_13' title="bbox 104 1769 1148 1857; baseline 0.001 -21"><span class='ocrx_word' id='word_1_102' title='bbox 104 1797 177 1838; x_wconf 70' lang='grc' dir='ltr'>νοω</span> <span class='ocrx_word' id='word_1_103' title='bbox 199 1777 314 1854; x_wconf 83' lang='lat' dir='ltr'>eiusque</span> <span class='ocrx_word' id='word_1_104' title='bbox 341 1780 455 1838; x_wconf 87' lang='lat' dir='ltr'>notione</span> <span class='ocrx_word' id='word_1_105' title='bbox 480 1780 606 1856; x_wconf 83' lang='lat' dir='ltr'>disputo-</span> <span class='ocrx_word' id='word_1_106' title='bbox 697 1774 770 1850; x_wconf 75' lang='grc' dir='ltr'><em>ἒξίει</em></span> <span class='ocrx_word' id='word_1_107' title='bbox 806 1771 882 1857; x_wconf 71' lang='grc' dir='ltr'>πρὸς</span> <span class='ocrx_word' id='word_1_108' title='bbox 916 1775 1015 1857; x_wconf 61' lang='lat' dir='ltr'>poprie</span> <span class='ocrx_word' id='word_1_109' title='bbox 1043 1769 1148 1853; x_wconf 61' lang='lat' dir='ltr'>deep]</span> 
     </span>
     <span class='ocr_line' id='line_1_14' title="bbox 109 1857 1151 1938; baseline -0.002 -16"><span class='ocrx_word' id='word_1_110' title='bbox 109 1863 218 1922; x_wconf 75' lang='lat' dir='ltr'>tionun</span> <span class='ocrx_word' id='word_1_111' title='bbox 236 1862 333 1922; x_wconf 66' lang='grc' dir='ltr'>Μ</span> <span class='ocrx_word' id='word_1_112' title='bbox 354 1865 385 1922; x_wconf 87' lang='lat' dir='ltr'>in</span> <span class='ocrx_word' id='word_1_113' title='bbox 411 1862 487 1924; x_wconf 76' lang='lat' dir='ltr'>D&#39;us.</span> <span class='ocrx_word' id='word_1_114' title='bbox 514 1862 606 1922; x_wconf 82' lang='lat' dir='ltr'>Siorll.</span> <span class='ocrx_word' id='word_1_115' title='bbox 658 1859 862 1937; x_wconf 83' lang='lat' dir='ltr'>Veriontlibri,</span> <span class='ocrx_word' id='word_1_116' title='bbox 882 1881 1000 1938; x_wconf 88' lang='lat' dir='ltr'>quorum</span> <span class='ocrx_word' id='word_1_117' title='bbox 1013 1857 1060 1918; x_wconf 86' lang='lat' dir='ltr'>elii</span> <span class='ocrx_word' id='word_1_118' title='bbox 1074 1858 1151 1938; x_wconf 74' lang='grc' dir='ltr'><strong><em>ἐξίη-</em></strong></span> 
     </span>
     <span class='ocr_line' id='line_1_15' title="bbox 113 1945 1150 2026; baseline -0.011 -13"><span class='ocrx_word' id='word_1_119' title='bbox 113 1967 143 2026; x_wconf 81' lang='lat' dir='ltr'>p-</span> <span class='ocrx_word' id='word_1_120' title='bbox 158 1949 202 2013; x_wconf 86' lang='lat'>65</span> <span class='ocrx_word' id='word_1_121' title='bbox 218 1967 261 2022; x_wconf 68' lang='lat' dir='ltr'>tq-</span> <span class='ocrx_word' id='word_1_122' title='bbox 659 1965 691 2010; x_wconf 78' lang='lat' dir='ltr'>ds</span> <span class='ocrx_word' id='word_1_123' title='bbox 713 1949 766 2023; x_wconf 84' lang='lat' dir='ltr'>(od</span> <span class='ocrx_word' id='word_1_124' title='bbox 788 1947 929 2024; x_wconf 78' lang='lat' dir='ltr'>vulgarem</span> <span class='ocrx_word' id='word_1_125' title='bbox 954 1945 1150 2006; x_wconf 86' lang='lat' dir='ltr'>dioendi&#39;nor·</span> 
     </span>
     <span class='ocr_line' id='line_1_16' title="bbox 160 2023 1153 2114; baseline -0.004 -24"><span class='ocrx_word' id='word_1_126' title='bbox 160 2063 208 2076; x_wconf 88' lang='lat'>·-</span> <span class='ocrx_word' id='word_1_127' title='bbox 222 2033 283 2090; x_wconf 78' lang='lat' dir='ltr'>&#39;criu</span> <span class='ocrx_word' id='word_1_128' title='bbox 301 2023 505 2104; x_wconf 69' lang='grc' dir='ltr'>ἰντόςἊνος</span> <span class='ocrx_word' id='word_1_129' title='bbox 525 2055 609 2094; x_wconf 75' lang='lat' dir='ltr'>noro·</span> <span class='ocrx_word' id='word_1_130' title='bbox 657 2034 765 2109; x_wconf 85' lang='lat' dir='ltr'><strong>mam),</strong></span> <span class='ocrx_word' id='word_1_131' title='bbox 794 2031 841 2090; x_wconf 80' lang='lat' dir='ltr'>alii</span> <span class='ocrx_word' id='word_1_132' title='bbox 868 2024 950 2114; x_wconf 67' lang='grc' dir='ltr'><strong><em>ἐξῄει</em></strong></span> <span class='ocrx_word' id='word_1_133' title='bbox 975 2030 1051 2090; x_wconf 88' lang='lat' dir='ltr'>unde</span> <span class='ocrx_word' id='word_1_134' title='bbox 1077 2029 1153 2108; x_wconf 82' lang='lat' dir='ltr'>epod</span> 
     </span>
     <span class='ocr_line' id='line_1_17' title="bbox 128 2109 1149 2196; baseline -0.002 -22"><span class='ocrx_word' id='word_1_135' title='bbox 128 2117 209 2194; x_wconf 80' lang='lat' dir='ltr'>pori·</span> <span class='ocrx_word' id='word_1_136' title='bbox 250 2109 286 2185; x_wconf 77' lang='lat' dir='ltr'>&#39;de</span> <span class='ocrx_word' id='word_1_137' title='bbox 315 2112 393 2191; x_wconf 71' lang='grc' dir='ltr'>ῥέων</span> <span class='ocrx_word' id='word_1_138' title='bbox 417 2109 478 2178; x_wconf 77' lang='lat' dir='ltr'>o’rrd</span> <span class='ocrx_word' id='word_1_139' title='bbox 504 2137 609 2196; x_wconf 81' lang='grc' dir='ltr'><strong><em>μεσαμ-</em></strong></span> <span class='ocrx_word' id='word_1_140' title='bbox 658 2119 838 2177; x_wconf 81' lang='lat' dir='ltr'>Sdsoeterum</span> <span class='ocrx_word' id='word_1_141' title='bbox 860 2113 939 2190; x_wconf 75' lang='grc' dir='ltr'><strong><em>ἐξιεῖ.</em></strong></span> <span class='ocrx_word' id='word_1_142' title='bbox 970 2114 1055 2182; x_wconf 85' lang='lat' dir='ltr'>Quod</span> <span class='ocrx_word' id='word_1_143' title='bbox 1073 2133 1149 2173; x_wconf 83' lang='lat' dir='ltr'>reeo-</span> 
     </span>
     <span class='ocr_line' id='line_1_18' title="bbox 131 2195 1155 2283; baseline 0.001 -25"><span class='ocrx_word' id='word_1_144' title='bbox 131 2195 336 2278; x_wconf 68' lang='grc' dir='ltr'>βρίηςμετνξύ</span> <span class='ocrx_word' id='word_1_145' title='bbox 348 2195 461 2280; x_wconf 73' lang='grc' dir='ltr'>Σύρων</span> <span class='ocrx_word' id='word_1_146' title='bbox 478 2201 529 2264; x_wconf 75' lang='lat' dir='ltr'>soi</span> <span class='ocrx_word' id='word_1_147' title='bbox 545 2207 608 2265; x_wconf 80' lang='grc' dir='ltr'>Πν-</span> <span class='ocrx_word' id='word_1_148' title='bbox 657 2204 750 2283; x_wconf 83' lang='lat' dir='ltr'>pimus</span> <span class='ocrx_word' id='word_1_149' title='bbox 765 2200 853 2276; x_wconf 74' lang='grc' dir='ltr'><strong><em>ἐξίει,</em></strong></span> <span class='ocrx_word' id='word_1_150' title='bbox 875 2219 909 2261; x_wconf 84' lang='lat' dir='ltr'>ex</span> <span class='ocrx_word' id='word_1_151' title='bbox 925 2197 1010 2273; x_wconf 67' lang='lat' dir='ltr'>rerer</span> <span class='ocrx_word' id='word_1_152' title='bbox 1024 2217 1076 2278; x_wconf 86' lang='lat' dir='ltr'>per</span> <span class='ocrx_word' id='word_1_153' title='bbox 1088 2217 1155 2273; x_wconf 78' lang='lat' dir='ltr'>syn-</span> 
     </span>
     <span class='ocr_line' id='line_1_19' title="bbox 133 2277 1154 2368; baseline -0.002 -26"><span class='ocrx_word' id='word_1_154' title='bbox 133 2277 295 2365; x_wconf 77' lang='grc' dir='ltr'>φὶνγὸνων]</span> <span class='ocrx_word' id='word_1_155' title='bbox 319 2285 402 2366; x_wconf 79' lang='lat' dir='ltr'>Apud</span> <span class='ocrx_word' id='word_1_156' title='bbox 417 2287 525 2348; x_wconf 79' lang='lat' dir='ltr'>Arrien.</span> <span class='ocrx_word' id='word_1_157' title='bbox 538 2289 610 2366; x_wconf 84' lang='lat' dir='ltr'>(Pe-</span> <span class='ocrx_word' id='word_1_158' title='bbox 658 2308 750 2368; x_wconf 83' lang='lat' dir='ltr'>copen</span> <span class='ocrx_word' id='word_1_159' title='bbox 764 2291 911 2348; x_wconf 78' lang='lat' dir='ltr'>formatum</span> <span class='ocrx_word' id='word_1_160' title='bbox 929 2285 987 2343; x_wconf 83' lang='lat' dir='ltr'>vult</span> <span class='ocrx_word' id='word_1_161' title='bbox 1001 2282 1154 2360; x_wconf 84' lang='lat' dir='ltr'>Sehweigh.</span> 
     </span>
     <span class='ocr_line' id='line_1_20' title="bbox 125 2367 1235 2452; baseline 0.002 -26"><span class='ocrx_word' id='word_1_162' title='bbox 125 2367 182 2447; x_wconf 81' lang='lat' dir='ltr'>rr&#39;pt</span> <span class='ocrx_word' id='word_1_163' title='bbox 201 2367 279 2430; x_wconf 84' lang='lat' dir='ltr'>Pont</span> <span class='ocrx_word' id='word_1_164' title='bbox 300 2370 397 2432; x_wconf 82' lang='lat' dir='ltr'>Euriu</span> <span class='ocrx_word' id='word_1_165' title='bbox 418 2393 446 2452; x_wconf 91' lang='lat' dir='ltr'>p.</span> <span class='ocrx_word' id='word_1_166' title='bbox 470 2375 526 2450; x_wconf 87' lang='lat'>17)</span> <span class='ocrx_word' id='word_1_167' title='bbox 548 2395 611 2434; x_wconf 79' lang='lat' dir='ltr'>urm</span> <span class='ocrx_word' id='word_1_168' title='bbox 659 2374 689 2432; x_wconf 88' lang='lat' dir='ltr'>in</span> <span class='ocrx_word' id='word_1_169' title='bbox 709 2375 817 2432; x_wconf 80' lang='lat' dir='ltr'>noted</span> <span class='ocrx_word' id='word_1_170' title='bbox 837 2370 867 2443; x_wconf 78' lang='grc' dir='ltr'>Ι,</span> <span class='ocrx_word' id='word_1_171' title='bbox 888 2373 958 2436; x_wconf 89' lang='grc'><strong>180.</strong></span> <span class='ocrx_word' id='word_1_172' title='bbox 979 2367 1155 2428; x_wconf 75' lang='lat' dir='ltr'>VnuLeett</span> <span class='ocrx_word' id='word_1_173' title='bbox 1232 2375 1235 2390; x_wconf 91' lang='grc'><strong>’</strong></span> 
     </span>
     <span class='ocr_line' id='line_1_21' title="bbox 117 2454 1157 2538; baseline 0.005 -24"><span class='ocrx_word' id='word_1_174' title='bbox 117 2455 256 2532; x_wconf 76' lang='lat' dir='ltr'>tegemus,</span> <span class='ocrx_word' id='word_1_175' title='bbox 277 2457 371 2534; x_wconf 70' lang='lat' dir='ltr'>Halyn</span> <span class='ocrx_word' id='word_1_176' title='bbox 388 2479 446 2518; x_wconf 88' lang='lat' dir='ltr'>non</span> <span class='ocrx_word' id='word_1_177' title='bbox 460 2479 478 2516; x_wconf 81' lang='lat' dir='ltr'><strong>a</strong></span> <span class='ocrx_word' id='word_1_178' title='bbox 493 2461 609 2520; x_wconf 87' lang='lat' dir='ltr'>meridie</span> <span class='ocrx_word' id='word_1_179' title='bbox 658 2479 688 2538; x_wconf 89' lang='lat' dir='ltr'>p.</span> <span class='ocrx_word' id='word_1_180' title='bbox 713 2462 783 2524; x_wconf 80' lang='lat'>127.</span> <span class='ocrx_word' id='word_1_181' title='bbox 810 2457 971 2519; x_wconf 75' lang='lat' dir='ltr'>Buttmann·</span> <span class='ocrx_word' id='word_1_182' title='bbox 1005 2454 1157 2528; x_wconf 70' lang='lat' dir='ltr'>(Gramm-</span> 
     </span>
     <span class='ocr_line' id='line_1_22' title="bbox 5 2529 1154 2621; baseline -0.003 -23"><span class='ocrx_word' id='word_1_183' title='bbox 5 2529 7 2550; x_wconf 72' lang='lat'>¹</span> <span class='ocrx_word' id='word_1_184' title='bbox 115 2543 160 2614; x_wconf 86' lang='lat' dir='ltr'>(ot</span> <span class='ocrx_word' id='word_1_185' title='bbox 185 2541 358 2602; x_wconf 69' lang='lat' dir='ltr'>Herodotus</span> <span class='ocrx_word' id='word_1_186' title='bbox 376 2545 493 2620; x_wconf 77' lang='lat' dir='ltr'>tradit),</span> <span class='ocrx_word' id='word_1_187' title='bbox 520 2546 612 2604; x_wconf 81' lang='lat' dir='ltr'>sedo</span> <span class='ocrx_word' id='word_1_188' title='bbox 659 2543 723 2603; x_wconf 79' lang='lat' dir='ltr'>mai.</span> <span class='ocrx_word' id='word_1_189' title='bbox 745 2543 759 2602; x_wconf 95' lang='lat' dir='ltr'>l</span> <span class='ocrx_word' id='word_1_190' title='bbox 783 2563 812 2621; x_wconf 92' lang='lat' dir='ltr'>p.</span> <span class='ocrx_word' id='word_1_191' title='bbox 835 2541 897 2608; x_wconf 82' lang='grc'>557</span> <span class='ocrx_word' id='word_1_192' title='bbox 920 2545 980 2598; x_wconf 89' lang='lat' dir='ltr'>not.</span> <span class='ocrx_word' id='word_1_193' title='bbox 998 2537 1059 2596; x_wconf 81' lang='lat' dir='ltr'>ooii</span> <span class='ocrx_word' id='word_1_194' title='bbox 1075 2537 1154 2614; x_wconf 77' lang='lat'><strong>648)</strong></span> 
     </span>
    </p>
   </div>
   <div class='ocr_carea' id='block_1_4' title="bbox 6 2623 1155 2704">
    <p class='ocr_par' dir='ltr' id='par_1_4' title="bbox 6 2623 1155 2704">
     <span class='ocr_line' id='line_1_23' title="bbox 6 2623 1155 2704; baseline -0.004 -19"><span class='ocrx_word' id='word_1_195' title='bbox 6 2675 7 2678; x_wconf 15' lang='grc' dir='ltr'>η</span> <span class='ocrx_word' id='word_1_196' title='bbox 113 2625 179 2684; x_wconf 85' lang='lat' dir='ltr'>solis</span> <span class='ocrx_word' id='word_1_197' title='bbox 193 2634 259 2686; x_wconf 89' lang='lat' dir='ltr'>ortu</span> <span class='ocrx_word' id='word_1_198' title='bbox 275 2627 346 2699; x_wconf 76' lang='lat' dir='ltr'>tabi,</span> <span class='ocrx_word' id='word_1_199' title='bbox 368 2629 441 2686; x_wconf 83' lang='lat' dir='ltr'>duos</span> <span class='ocrx_word' id='word_1_200' title='bbox 461 2631 549 2690; x_wconf 85' lang='lat' dir='ltr'>fuisse</span> <span class='ocrx_word' id='word_1_201' title='bbox 563 2649 611 2690; x_wconf 87' lang='lat' dir='ltr'>eo·</span> <span class='ocrx_word' id='word_1_202' title='bbox 660 2626 731 2704; x_wconf 74' lang='grc' dir='ltr'><strong><em>ἐξίει</em></strong></span> <span class='ocrx_word' id='word_1_203' title='bbox 761 2628 871 2686; x_wconf 78' lang='lat' dir='ltr'>tertiam</span> <span class='ocrx_word' id='word_1_204' title='bbox 905 2627 972 2686; x_wconf 83' lang='lat' dir='ltr'>dicit</span> <span class='ocrx_word' id='word_1_205' title='bbox 1000 2623 1155 2702; x_wconf 75' lang='lat' dir='ltr'>praesentis</span> 
     </span>
    </p>
   </div>
   <div class='ocr_carea' id='block_1_5' title="bbox 110 2707 1155 2794">
    <p class='ocr_par' dir='ltr' id='par_1_5' title="bbox 110 2707 1155 2794">
     <span class='ocr_line' id='line_1_24' title="bbox 110 2707 1155 2794; baseline 0.006 -28"><span class='ocrx_word' id='word_1_206' title='bbox 110 2713 261 2788; x_wconf 74' lang='lat' dir='ltr'>guomines</span> <span class='ocrx_word' id='word_1_207' title='bbox 282 2713 397 2789; x_wconf 84' lang='lat' dir='ltr'>fluvios,</span> <span class='ocrx_word' id='word_1_208' title='bbox 427 2713 540 2774; x_wconf 83' lang='lat' dir='ltr'>nitemur</span> <span class='ocrx_word' id='word_1_209' title='bbox 566 2717 610 2774; x_wconf 89' lang='lat' dir='ltr'>in·</span> <span class='ocrx_word' id='word_1_210' title='bbox 659 2731 809 2794; x_wconf 83' lang='lat' dir='ltr'>personum</span> <span class='ocrx_word' id='word_1_211' title='bbox 828 2711 946 2772; x_wconf 86' lang='lat' dir='ltr'>everbo</span> <span class='ocrx_word' id='word_1_212' title='bbox 963 2707 1064 2788; x_wconf 72' lang='grc' dir='ltr'><strong><em>ἒξὶημι</em></strong></span> <span class='ocrx_word' id='word_1_213' title='bbox 1088 2709 1155 2786; x_wconf 76' lang='lat' dir='ltr'>(pro</span> 
     </span>
    </p>
   </div>
   <div class='ocr_carea' id='block_1_6' title="bbox 7 2791 1157 3128">
    <p class='ocr_par' dir='ltr' id='par_1_6' title="bbox 7 2791 1157 3128">
     <span class='ocr_line' id='line_1_25' title="bbox 7 2791 1156 2878; baseline -0.003 -24"><span class='ocrx_word' id='word_1_214' title='bbox 7 2839 9 2854; x_wconf 78' lang='lat'>.</span> <span class='ocrx_word' id='word_1_215' title='bbox 109 2801 244 2858; x_wconf 78' lang='lat' dir='ltr'>fluentem</span> <span class='ocrx_word' id='word_1_216' title='bbox 274 2798 305 2856; x_wconf 91' lang='lat' dir='ltr'>in</span> <span class='ocrx_word' id='word_1_217' title='bbox 333 2798 467 2873; x_wconf 78' lang='lat' dir='ltr'>atterum,</span> <span class='ocrx_word' id='word_1_218' title='bbox 495 2799 610 2860; x_wconf 72' lang='lat' dir='ltr'>urm</span> <span class='ocrx_word' id='word_1_219' title='bbox 660 2797 785 2878; x_wconf 73' lang='grc' dir='ltr'>ἐξίησι).</span> <span class='ocrx_word' id='word_1_220' title='bbox 815 2797 878 2857; x_wconf 87' lang='lat' dir='ltr'>Neo</span> <span class='ocrx_word' id='word_1_221' title='bbox 902 2795 982 2854; x_wconf 88' lang='lat' dir='ltr'>eliter</span> <span class='ocrx_word' id='word_1_222' title='bbox 1002 2793 1105 2854; x_wconf 81' lang='lat' dir='ltr'>Krebo.</span> <span class='ocrx_word' id='word_1_223' title='bbox 1127 2791 1156 2850; x_wconf 82' lang='lat' dir='ltr'>in</span> 
     </span>
     <span class='ocr_line' id='line_1_26' title="bbox 7 2879 1156 2960; baseline -0.008 -17"><span class='ocrx_word' id='word_1_224' title='bbox 7 2943 8 2955; x_wconf 58' lang='grc'>,</span> <span class='ocrx_word' id='word_1_225' title='bbox 109 2883 148 2942; x_wconf 75' lang='lat' dir='ltr'>ab</span> <span class='ocrx_word' id='word_1_226' title='bbox 174 2883 284 2942; x_wconf 87' lang='lat' dir='ltr'>oriente</span> <span class='ocrx_word' id='word_1_227' title='bbox 306 2883 514 2958; x_wconf 75' lang='lat' dir='ltr'>decurrentem,</span> <span class='ocrx_word' id='word_1_228' title='bbox 543 2885 610 2944; x_wconf 82' lang='lat' dir='ltr'>olte-</span> <span class='ocrx_word' id='word_1_229' title='bbox 658 2883 830 2960; x_wconf 81' lang='lat' dir='ltr'>Progrornm.</span> <span class='ocrx_word' id='word_1_230' title='bbox 887 2879 1039 2956; x_wconf 78' lang='lat' dir='ltr'>Weilburg.</span> <span class='ocrx_word' id='word_1_231' title='bbox 1091 2895 1156 2936; x_wconf 83' lang='lat' dir='ltr'>eun.</span> 
     </span>
     <span class='ocr_line' id='line_1_27' title="bbox 8 2963 1157 3047; baseline -0.005 -21"><span class='ocrx_word' id='word_1_232' title='bbox 8 2967 9 2982; x_wconf 62' lang='lat'>¹</span> <span class='ocrx_word' id='word_1_233' title='bbox 109 2987 174 3026; x_wconf 85' lang='lat' dir='ltr'>rum</span> <span class='ocrx_word' id='word_1_234' title='bbox 198 2985 218 3026; x_wconf 77' lang='lat' dir='ltr'><strong>a</strong></span> <span class='ocrx_word' id='word_1_235' title='bbox 240 2969 376 3042; x_wconf 87' lang='lat' dir='ltr'>meridie,</span> <span class='ocrx_word' id='word_1_236' title='bbox 402 2976 469 3047; x_wconf 87' lang='lat' dir='ltr'>post</span> <span class='ocrx_word' id='word_1_237' title='bbox 496 2969 611 3028; x_wconf 82' lang='lat' dir='ltr'>Donvii·</span> <span class='ocrx_word' id='word_1_238' title='bbox 662 2971 745 3034; x_wconf 79' lang='lat'><strong>1826</strong></span> <span class='ocrx_word' id='word_1_239' title='bbox 761 2988 817 3046; x_wconf 90' lang='lat' dir='ltr'>quo</span> <span class='ocrx_word' id='word_1_240' title='bbox 832 2967 1005 3026; x_wconf 80' lang='lat' dir='ltr'>eontinentur</span> <span class='ocrx_word' id='word_1_241' title='bbox 1018 2963 1157 3042; x_wconf 76' lang='lat' dir='ltr'>quaedem</span> 
     </span>
     <span class='ocr_line' id='line_1_28' title="bbox 8 3041 1157 3128; baseline -0.004 -18"><span class='ocrx_word' id='word_1_242' title='bbox 8 3041 10 3072; x_wconf 52' lang='lat'><em>*</em></span> <span class='ocrx_word' id='word_1_243' title='bbox 109 3053 177 3110; x_wconf 88' lang='lat' dir='ltr'>lium</span> <span class='ocrx_word' id='word_1_244' title='bbox 193 3053 435 3114; x_wconf 82' lang='lat' dir='ltr'>ststuitLoroher.</span> <span class='ocrx_word' id='word_1_245' title='bbox 463 3056 546 3124; x_wconf 85' lang='lat' dir='ltr'>Quae</span> <span class='ocrx_word' id='word_1_246' title='bbox 569 3062 612 3112; x_wconf 81' lang='lat' dir='ltr'>ts·</span> <span class='ocrx_word' id='word_1_247' title='bbox 660 3073 695 3113; x_wconf 81' lang='lat' dir='ltr'>ex</span> <span class='ocrx_word' id='word_1_248' title='bbox 710 3053 836 3112; x_wconf 76' lang='lat' dir='ltr'>familiari</span> <span class='ocrx_word' id='word_1_249' title='bbox 849 3049 1075 3128; x_wconf 73' lang='lat' dir='ltr'>interpretatione</span> <span class='ocrx_word' id='word_1_250' title='bbox 1094 3047 1157 3106; x_wconf 85' lang='lat' dir='ltr'>He-</span> 
     </span>
    </p>
   </div>
   <div class='ocr_carea' id='block_1_7' title="bbox 106 3134 1201 4564">
    <p class='ocr_par' dir='ltr' id='par_1_7' title="bbox 106 3134 1201 4564">
     <span class='ocr_line' id='line_1_29' title="bbox 107 3134 1155 3216; baseline -0.007 -19"><span class='ocrx_word' id='word_1_251' title='bbox 107 3158 174 3198; x_wconf 86' lang='lat' dir='ltr'>men</span> <span class='ocrx_word' id='word_1_252' title='bbox 205 3139 290 3196; x_wconf 89' lang='lat' dir='ltr'>iustis</span> <span class='ocrx_word' id='word_1_253' title='bbox 322 3139 473 3198; x_wconf 72' lang='lat' dir='ltr'>rationibus</span> <span class='ocrx_word' id='word_1_254' title='bbox 504 3159 611 3214; x_wconf 84' lang='lat' dir='ltr'>carere,</span> <span class='ocrx_word' id='word_1_255' title='bbox 660 3139 722 3198; x_wconf 93' lang='lat' dir='ltr'>rod.</span> <span class='ocrx_word' id='word_1_256' title='bbox 745 3158 774 3216; x_wconf 91' lang='lat' dir='ltr'>p.</span> <span class='ocrx_word' id='word_1_257' title='bbox 797 3142 846 3202; x_wconf 85' lang='lat'>16.</span> <span class='ocrx_word' id='word_1_258' title='bbox 860 3134 1053 3214; x_wconf 87' lang='lat' dir='ltr'>Suppiendnrn</span> <span class='ocrx_word' id='word_1_259' title='bbox 1072 3146 1155 3191; x_wconf 84' lang='lat' dir='ltr'>vero:</span> 
     </span>
     <span class='ocr_line' id='line_1_30' title="bbox 109 3215 1156 3304; baseline -0.009 -22"><span class='ocrx_word' id='word_1_260' title='bbox 109 3243 171 3282; x_wconf 87' lang='lat' dir='ltr'>euro</span> <span class='ocrx_word' id='word_1_261' title='bbox 189 3243 269 3282; x_wconf 87' lang='lat' dir='ltr'>unus</span> <span class='ocrx_word' id='word_1_262' title='bbox 290 3225 374 3282; x_wconf 85' lang='lat' dir='ltr'>modo</span> <span class='ocrx_word' id='word_1_263' title='bbox 392 3227 431 3283; x_wconf 89' lang='lat' dir='ltr'>sit</span> <span class='ocrx_word' id='word_1_264' title='bbox 451 3225 538 3301; x_wconf 73' lang='lat' dir='ltr'>Halys</span> <span class='ocrx_word' id='word_1_265' title='bbox 558 3229 612 3284; x_wconf 87' lang='lat' dir='ltr'>flu·</span> <span class='ocrx_word' id='word_1_266' title='bbox 661 3218 695 3286; x_wconf 76' lang='lat' dir='ltr'>ed</span> <span class='ocrx_word' id='word_1_267' title='bbox 714 3217 799 3304; x_wconf 74' lang='grc' dir='ltr'>ὕδωρ</span> <span class='ocrx_word' id='word_1_268' title='bbox 813 3222 857 3280; x_wconf 77' lang='lat' dir='ltr'>vel</span> <span class='ocrx_word' id='word_1_269' title='bbox 871 3221 959 3280; x_wconf 82' lang='lat' dir='ltr'>sinite</span> <span class='ocrx_word' id='word_1_270' title='bbox 973 3218 1058 3294; x_wconf 87' lang='lat' dir='ltr'>quid,</span> <span class='ocrx_word' id='word_1_271' title='bbox 1078 3215 1156 3294; x_wconf 88' lang='lat' dir='ltr'>quod</span> 
     </span>
     <span class='ocr_line' id='line_1_31' title="bbox 106 3299 1155 3397; baseline -0.009 -31"><span class='ocrx_word' id='word_1_272' title='bbox 106 3311 170 3368; x_wconf 82' lang='lat' dir='ltr'>vius</span> <span class='ocrx_word' id='word_1_273' title='bbox 185 3307 347 3382; x_wconf 82' lang='lat' dir='ltr'>ameridie,</span> <span class='ocrx_word' id='word_1_274' title='bbox 363 3316 394 3368; x_wconf 92' lang='lat' dir='ltr'>ut</span> <span class='ocrx_word' id='word_1_275' title='bbox 408 3311 517 3369; x_wconf 88' lang='lat' dir='ltr'>Herod.</span> <span class='ocrx_word' id='word_1_276' title='bbox 530 3329 612 3369; x_wconf 82' lang='lat' dir='ltr'>eosr·</span> <span class='ocrx_word' id='word_1_277' title='bbox 661 3309 787 3368; x_wconf 81' lang='lat' dir='ltr'>odditurn</span> <span class='ocrx_word' id='word_1_278' title='bbox 799 3307 923 3366; x_wconf 80' lang='lat' dir='ltr'>videmus</span> <span class='ocrx_word' id='word_1_279' title='bbox 939 3305 969 3362; x_wconf 88' lang='lat' dir='ltr'>in</span> <span class='ocrx_word' id='word_1_280' title='bbox 983 3301 1080 3362; x_wconf 81' lang='lat' dir='ltr'>Nostri</span> <span class='ocrx_word' id='word_1_281' title='bbox 1093 3299 1155 3397; x_wconf 67' lang='lat' dir='ltr'>Vii,</span> 
     </span>
     <span class='ocr_line' id='line_1_32' title="bbox 106 3383 1155 3473; baseline -0.009 -19"><span class='ocrx_word' id='word_1_282' title='bbox 106 3401 170 3469; x_wconf 85' lang='lat' dir='ltr'>ret,</span> <span class='ocrx_word' id='word_1_283' title='bbox 200 3395 359 3467; x_wconf 74' lang='lat' dir='ltr'>delabens,</span> <span class='ocrx_word' id='word_1_284' title='bbox 384 3396 480 3473; x_wconf 82' lang='lat' dir='ltr'>posuit</span> <span class='ocrx_word' id='word_1_285' title='bbox 499 3395 612 3454; x_wconf 86' lang='lat' dir='ltr'>Renue-</span> <span class='ocrx_word' id='word_1_286' title='bbox 666 3397 742 3460; x_wconf 83' lang='lat'><strong>109:</strong></span> <span class='ocrx_word' id='word_1_287' title='bbox 762 3425 806 3438; x_wconf 90' lang='lat'>—</span> <span class='ocrx_word' id='word_1_288' title='bbox 827 3390 859 3464; x_wconf 78' lang='grc' dir='ltr'>ἐς</span> <span class='ocrx_word' id='word_1_289' title='bbox 879 3385 936 3470; x_wconf 72' lang='grc' dir='ltr'>τήν</span> <span class='ocrx_word' id='word_1_290' title='bbox 951 3383 1082 3466; x_wconf 75' lang='grc' dir='ltr'><strong>ποταμοὶ</strong></span> <span class='ocrx_word' id='word_1_291' title='bbox 1096 3384 1155 3446; x_wconf 82' lang='lat' dir='ltr'>dvo</span> 
     </span>
     <span class='ocr_line' id='line_1_33' title="bbox 107 3469 1157 3558; baseline -0.01 -19"><span class='ocrx_word' id='word_1_292' title='bbox 107 3479 162 3539; x_wconf 87' lang='lat' dir='ltr'>iius</span> <span class='ocrx_word' id='word_1_293' title='bbox 177 3479 305 3556; x_wconf 82' lang='lat' dir='ltr'>System.</span> <span class='ocrx_word' id='word_1_294' title='bbox 327 3479 357 3537; x_wconf 86' lang='lat' dir='ltr'>d</span> <span class='ocrx_word' id='word_1_295' title='bbox 379 3481 482 3558; x_wconf 75' lang='lat' dir='ltr'>Geogr.</span> <span class='ocrx_word' id='word_1_296' title='bbox 503 3480 610 3539; x_wconf 83' lang='lat' dir='ltr'>Herod.</span> <span class='ocrx_word' id='word_1_297' title='bbox 663 3478 821 3539; x_wconf 69' lang='lat' dir='ltr'>siderios</span> <span class='ocrx_word' id='word_1_298' title='bbox 841 3470 874 3537; x_wconf 81' lang='lat' dir='ltr'>ri</span> <span class='ocrx_word' id='word_1_299' title='bbox 893 3469 1157 3554; x_wconf 59' lang='lat' dir='ltr'>&amp;repetiens</span> 
     </span>
     <span class='ocr_line' id='line_1_34' title="bbox 107 3553 1156 3644; baseline -0.014 -15"><span class='ocrx_word' id='word_1_300' title='bbox 107 3585 137 3644; x_wconf 81' lang='lat' dir='ltr'>p-</span> <span class='ocrx_word' id='word_1_301' title='bbox 156 3563 224 3628; x_wconf 85' lang='lat'>467</span> <span class='ocrx_word' id='word_1_302' title='bbox 253 3565 302 3624; x_wconf 89' lang='lat' dir='ltr'>ed.</span> <span class='ocrx_word' id='word_1_303' title='bbox 325 3583 433 3624; x_wconf 77' lang='lat' dir='ltr'>verone</span> <span class='ocrx_word' id='word_1_304' title='bbox 454 3565 537 3625; x_wconf 83' lang='lat' dir='ltr'>Ferit</span> <span class='ocrx_word' id='word_1_305' title='bbox 560 3565 612 3624; x_wconf 83' lang='lat' dir='ltr'>true</span> <span class='ocrx_word' id='word_1_306' title='bbox 661 3564 732 3622; x_wconf 86' lang='lat' dir='ltr'>bert.</span> <span class='ocrx_word' id='word_1_307' title='bbox 755 3563 823 3621; x_wconf 87' lang='lat' dir='ltr'>Bos.</span> <span class='ocrx_word' id='word_1_308' title='bbox 851 3563 887 3620; x_wconf 88' lang='lat' dir='ltr'>de</span> <span class='ocrx_word' id='word_1_309' title='bbox 913 3558 1001 3636; x_wconf 85' lang='lat' dir='ltr'>ellips.</span> <span class='ocrx_word' id='word_1_310' title='bbox 1033 3577 1063 3635; x_wconf 89' lang='lat' dir='ltr'>p.</span> <span class='ocrx_word' id='word_1_311' title='bbox 1082 3553 1156 3622; x_wconf 80' lang='lat'>604.</span> 
     </span>
     <span class='ocr_line' id='line_1_35' title="bbox 106 3639 1155 3729; baseline -0.011 -19"><span class='ocrx_word' id='word_1_312' title='bbox 106 3651 238 3729; x_wconf 86' lang='lat' dir='ltr'>inprimis</span> <span class='ocrx_word' id='word_1_313' title='bbox 265 3649 365 3710; x_wconf 89' lang='lat' dir='ltr'>Nostri</span> <span class='ocrx_word' id='word_1_314' title='bbox 393 3650 470 3710; x_wconf 86' lang='lat' dir='ltr'>loeus</span> <span class='ocrx_word' id='word_1_315' title='bbox 498 3651 530 3724; x_wconf 89' lang='lat'>1,</span> <span class='ocrx_word' id='word_1_316' title='bbox 559 3653 612 3724; x_wconf 79' lang='lat'>72,</span> <span class='ocrx_word' id='word_1_317' title='bbox 660 3645 750 3708; x_wconf 81' lang='lat' dir='ltr'>Addit</span> <span class='ocrx_word' id='word_1_318' title='bbox 791 3647 849 3706; x_wconf 86' lang='lat' dir='ltr'>Cr.</span> <span class='ocrx_word' id='word_1_319' title='bbox 893 3641 1031 3722; x_wconf 82' lang='lat' dir='ltr'>Apollonii</span> <span class='ocrx_word' id='word_1_320' title='bbox 1061 3639 1155 3700; x_wconf 86' lang='lat' dir='ltr'>Rhod.</span> 
     </span>
     <span class='ocr_line' id='line_1_36' title="bbox 108 3724 1201 3812; baseline -0.01 -18"><span class='ocrx_word' id='word_1_321' title='bbox 108 3737 157 3794; x_wconf 86' lang='lat' dir='ltr'>ubi</span> <span class='ocrx_word' id='word_1_322' title='bbox 181 3735 282 3808; x_wconf 85' lang='lat' dir='ltr'>fluvii,</span> <span class='ocrx_word' id='word_1_323' title='bbox 319 3736 366 3812; x_wconf 93' lang='lat' dir='ltr'>qui</span> <span class='ocrx_word' id='word_1_324' title='bbox 392 3755 469 3794; x_wconf 84' lang='lat' dir='ltr'>nuno</span> <span class='ocrx_word' id='word_1_325' title='bbox 498 3742 614 3794; x_wconf 80' lang='lat' dir='ltr'>vooetur</span> <span class='ocrx_word' id='word_1_326' title='bbox 661 3731 807 3792; x_wconf 82' lang='lat' dir='ltr'>Scholiost.</span> <span class='ocrx_word' id='word_1_327' title='bbox 831 3730 919 3790; x_wconf 83' lang='lat' dir='ltr'>Paris.</span> <span class='ocrx_word' id='word_1_328' title='bbox 945 3728 983 3786; x_wconf 82' lang='lat' dir='ltr'>od</span> <span class='ocrx_word' id='word_1_329' title='bbox 1008 3725 1057 3800; x_wconf 89' lang='lat' dir='ltr'>lV,</span> <span class='ocrx_word' id='word_1_330' title='bbox 1078 3724 1157 3790; x_wconf 79' lang='lat'><strong>248:</strong></span> <span class='ocrx_word' id='word_1_331' title='bbox 1195 3744 1201 3754; x_wconf 86' lang='grc'><strong><em>’</em></strong></span> 
     </span>
     <span class='ocr_line' id='line_1_37' title="bbox 109 3805 1155 3907; baseline -0.011 -27"><span class='ocrx_word' id='word_1_332' title='bbox 109 3817 334 3892; x_wconf 60' lang='lat' dir='ltr'>urar-rw,</span> <span class='ocrx_word' id='word_1_333' title='bbox 355 3839 452 3878; x_wconf 85' lang='lat' dir='ltr'>urrsus</span> <span class='ocrx_word' id='word_1_334' title='bbox 467 3819 612 3880; x_wconf 74' lang='lat' dir='ltr'>indicetur.</span> <span class='ocrx_word' id='word_1_335' title='bbox 660 3815 817 3889; x_wconf 77' lang='grc' dir='ltr'><strong><em>Ἑκαταῖος</em></strong></span> <span class='ocrx_word' id='word_1_336' title='bbox 832 3811 865 3878; x_wconf 80' lang='lat' dir='ltr'>di</span> <span class='ocrx_word' id='word_1_337' title='bbox 878 3814 992 3907; x_wconf 48' lang='grc' dir='ltr'><em>ἱστορεῖ</em></span> <span class='ocrx_word' id='word_1_338' title='bbox 1003 3805 1044 3890; x_wconf 77' lang='grc' dir='ltr'>μὴ</span> <span class='ocrx_word' id='word_1_339' title='bbox 1060 3807 1155 3872; x_wconf 76' lang='lat' dir='ltr'>isdr-</span> 
     </span>
     <span class='ocr_line' id='line_1_38' title="bbox 108 3889 1156 3983; baseline -0.01 -18"><span class='ocrx_word' id='word_1_340' title='bbox 108 3906 170 3965; x_wconf 81' lang='lat' dir='ltr'>lam</span> <span class='ocrx_word' id='word_1_341' title='bbox 185 3897 614 3983; x_wconf 69' lang='lat' dir='ltr'>quseiiiiosuotrd&#39;rsoirtorrie</span> <span class='ocrx_word' id='word_1_342' title='bbox 663 3895 779 3964; x_wconf 76' lang='grc' dir='ltr'>ὄόναι</span> <span class='ocrx_word' id='word_1_343' title='bbox 798 3901 842 3973; x_wconf 81' lang='grc' dir='ltr'>εἰς</span> <span class='ocrx_word' id='word_1_344' title='bbox 854 3895 910 3978; x_wconf 69' lang='grc' dir='ltr'>τήν</span> <span class='ocrx_word' id='word_1_345' title='bbox 930 3889 1156 3959; x_wconf 68' lang='grc' dir='ltr'>θνλνσσαντόν</span> 
     </span>
     <span class='ocr_line' id='line_1_39' title="bbox 107 3979 1156 4070; baseline -0.015 -18"><span class='ocrx_word' id='word_1_346' title='bbox 107 3985 231 4070; x_wconf 61' lang='grc' dir='ltr'><strong><em>Ἀσίης,</em></strong></span> <span class='ocrx_word' id='word_1_347' title='bbox 260 3991 365 4050; x_wconf 82' lang='lat' dir='ltr'>eodem</span> <span class='ocrx_word' id='word_1_348' title='bbox 391 3991 418 4050; x_wconf 89' lang='lat' dir='ltr'>h.</span> <span class='ocrx_word' id='word_1_349' title='bbox 440 3991 458 4049; x_wconf 90' lang='lat' dir='ltr'>i.</span> <span class='ocrx_word' id='word_1_350' title='bbox 487 3990 614 4048; x_wconf 87' lang='lat' dir='ltr'>dicuntur</span> <span class='ocrx_word' id='word_1_351' title='bbox 667 3989 776 4049; x_wconf 80' lang='grc' dir='ltr'>Φᾶσιν.</span> <span class='ocrx_word' id='word_1_352' title='bbox 808 3995 837 4046; x_wconf 85' lang='lat' dir='ltr'>et</span> <span class='ocrx_word' id='word_1_353' title='bbox 863 3985 976 4060; x_wconf 81' lang='lat' dir='ltr'>Fregrn.</span> <span class='ocrx_word' id='word_1_354' title='bbox 1004 3979 1091 4058; x_wconf 87' lang='lat' dir='ltr'>Soph.</span> <span class='ocrx_word' id='word_1_355' title='bbox 1125 3998 1156 4057; x_wconf 91' lang='lat' dir='ltr'>p.</span> 
     </span>
     <span class='ocr_line' id='line_1_40' title="bbox 109 4063 1157 4149; baseline -0.016 -11"><span class='ocrx_word' id='word_1_356' title='bbox 109 4071 147 4138; x_wconf 78' lang='lat' dir='ltr'>sd</span> <span class='ocrx_word' id='word_1_357' title='bbox 163 4072 252 4149; x_wconf 75' lang='grc' dir='ltr'>ἐντός</span> <span class='ocrx_word' id='word_1_358' title='bbox 266 4069 382 4148; x_wconf 73' lang='grc' dir='ltr'>’Ἅλυος</span> <span class='ocrx_word' id='word_1_359' title='bbox 402 4075 420 4132; x_wconf 90' lang='lat' dir='ltr'>i.</span> <span class='ocrx_word' id='word_1_360' title='bbox 436 4097 462 4135; x_wconf 84' lang='lat' dir='ltr'>e.</span> <span class='ocrx_word' id='word_1_361' title='bbox 482 4093 517 4134; x_wconf 82' lang='lat' dir='ltr'>ee</span> <span class='ocrx_word' id='word_1_362' title='bbox 530 4072 616 4132; x_wconf 77' lang='lat' dir='ltr'>Asiae</span> <span class='ocrx_word' id='word_1_363' title='bbox 665 4073 728 4138; x_wconf 81' lang='lat'>650</span> <span class='ocrx_word' id='word_1_364' title='bbox 743 4074 787 4132; x_wconf 85' lang='lat' dir='ltr'>ed.</span> <span class='ocrx_word' id='word_1_365' title='bbox 801 4069 923 4130; x_wconf 88' lang='lat' dir='ltr'>Brunek.</span> <span class='ocrx_word' id='word_1_366' title='bbox 943 4067 1002 4128; x_wconf 92' lang='lat' dir='ltr'>Sed</span> <span class='ocrx_word' id='word_1_367' title='bbox 1016 4067 1045 4124; x_wconf 91' lang='lat' dir='ltr'>in</span> <span class='ocrx_word' id='word_1_368' title='bbox 1062 4063 1157 4143; x_wconf 82' lang='lat' dir='ltr'>prori-</span> 
     </span>
     <span class='ocr_line' id='line_1_41' title="bbox 113 4143 1158 4240; baseline -0.011 -19"><span class='ocrx_word' id='word_1_369' title='bbox 113 4161 226 4221; x_wconf 82' lang='lat' dir='ltr'>nrinoris</span> <span class='ocrx_word' id='word_1_370' title='bbox 248 4179 336 4240; x_wconf 79' lang='lat' dir='ltr'>pars,</span> <span class='ocrx_word' id='word_1_371' title='bbox 370 4177 444 4238; x_wconf 82' lang='lat' dir='ltr'>quae</span> <span class='ocrx_word' id='word_1_372' title='bbox 464 4161 501 4218; x_wconf 81' lang='lat' dir='ltr'>eb</span> <span class='ocrx_word' id='word_1_373' title='bbox 522 4157 618 4233; x_wconf 82' lang='lat' dir='ltr'>Holye</span> <span class='ocrx_word' id='word_1_374' title='bbox 661 4158 716 4217; x_wconf 85' lang='lat' dir='ltr'>mis</span> <span class='ocrx_word' id='word_1_375' title='bbox 736 4157 826 4216; x_wconf 86' lang='lat' dir='ltr'>verbis</span> <span class='ocrx_word' id='word_1_376' title='bbox 849 4147 923 4232; x_wconf 78' lang='grc' dir='ltr'>πρὸς</span> <span class='ocrx_word' id='word_1_377' title='bbox 950 4153 1048 4234; x_wconf 65' lang='lat' dir='ltr'>poprie</span> <span class='ocrx_word' id='word_1_378' title='bbox 1074 4143 1158 4210; x_wconf 75' lang='lat' dir='ltr'>iios·</span> 
     </span>
     <span class='ocr_line' id='line_1_42' title="bbox 119 4233 1155 4323; baseline -0.011 -19"><span class='ocrx_word' id='word_1_379' title='bbox 119 4247 398 4306; x_wconf 82' lang='lat' dir='ltr'>oooidenternversus</span> <span class='ocrx_word' id='word_1_380' title='bbox 411 4244 467 4302; x_wconf 80' lang='lat' dir='ltr'>sito</span> <span class='ocrx_word' id='word_1_381' title='bbox 480 4252 534 4318; x_wconf 77' lang='lat' dir='ltr'>est,</span> <span class='ocrx_word' id='word_1_382' title='bbox 553 4243 616 4302; x_wconf 85' lang='lat' dir='ltr'>He·</span> <span class='ocrx_word' id='word_1_383' title='bbox 664 4263 736 4323; x_wconf 86' lang='grc' dir='ltr'>μον</span> <span class='ocrx_word' id='word_1_384' title='bbox 779 4237 975 4300; x_wconf 75' lang='lat' dir='ltr'>abunduntiam</span> <span class='ocrx_word' id='word_1_385' title='bbox 1016 4233 1155 4313; x_wconf 80' lang='lat' dir='ltr'>quandem</span> 
     </span>
     <span class='ocr_line' id='line_1_43' title="bbox 120 4319 1158 4406; baseline -0.015 -16"><span class='ocrx_word' id='word_1_386' title='bbox 120 4330 232 4405; x_wconf 75' lang='lat' dir='ltr'>rodoro,</span> <span class='ocrx_word' id='word_1_387' title='bbox 260 4330 373 4390; x_wconf 80' lang='lat' dir='ltr'>Groeoo</span> <span class='ocrx_word' id='word_1_388' title='bbox 400 4327 505 4390; x_wconf 75' lang='lat' dir='ltr'>bomini</span> <span class='ocrx_word' id='word_1_389' title='bbox 531 4329 614 4406; x_wconf 86' lang='lat' dir='ltr'>eique</span> <span class='ocrx_word' id='word_1_390' title='bbox 662 4328 794 4388; x_wconf 79' lang='lat' dir='ltr'>orationis</span> <span class='ocrx_word' id='word_1_391' title='bbox 826 4325 928 4383; x_wconf 77' lang='lat' dir='ltr'>vidisse</span> <span class='ocrx_word' id='word_1_392' title='bbox 958 4321 1023 4382; x_wconf 88' lang='lat' dir='ltr'>mihi</span> <span class='ocrx_word' id='word_1_393' title='bbox 1053 4319 1158 4390; x_wconf 80' lang='lat' dir='ltr'>videor,</span> 
     </span>
     <span class='ocr_line' id='line_1_44' title="bbox 118 4402 1155 4492; baseline -0.013 -15"><span class='ocrx_word' id='word_1_394' title='bbox 118 4409 354 4475; x_wconf 70' lang='lat' dir='ltr'>Hdmmeosi</span> <span class='ocrx_word' id='word_1_395' title='bbox 397 4415 495 4492; x_wconf 78' lang='lat' dir='ltr'>utique</span> <span class='ocrx_word' id='word_1_396' title='bbox 539 4418 614 4474; x_wconf 77' lang='lat' dir='ltr'>intro</span> <span class='ocrx_word' id='word_1_397' title='bbox 663 4413 699 4472; x_wconf 88' lang='lat' dir='ltr'>de</span> <span class='ocrx_word' id='word_1_398' title='bbox 714 4431 771 4492; x_wconf 68' lang='grc' dir='ltr'>(μιν</span> <span class='ocrx_word' id='word_1_399' title='bbox 785 4412 859 4472; x_wconf 85' lang='lat' dir='ltr'>idern</span> <span class='ocrx_word' id='word_1_400' title='bbox 874 4408 1040 4469; x_wconf 65' lang='lat' dir='ltr'>nubetur·</span> <span class='ocrx_word' id='word_1_401' title='bbox 1054 4402 1155 4465; x_wconf 66' lang='lat' dir='ltr'>Rosius</span> 
     </span>
     <span class='ocr_line' id='line_1_45' title="bbox 160 4495 950 4564; baseline -0.003 -9"><span class='ocrx_word' id='word_1_402' title='bbox 160 4495 316 4564; x_wconf 77' lang='lat' dir='ltr'>Hsnooor.</span> <span class='ocrx_word' id='word_1_403' title='bbox 338 4499 363 4560; x_wconf 92' lang='lat' dir='ltr'>l.</span> <span class='ocrx_word' id='word_1_404' title='bbox 928 4495 950 4556; x_wconf 77' lang='lat'><strong>²</strong></span> 
     </span>
    </p>
   </div>
   <div class='ocr_carea' id='block_1_8' title="bbox 0 0 1516 5174">
    <p class='ocr_par' dir='ltr' id='par_1_8' title="bbox 0 0 1516 5174">
     <span class='ocr_line' id='line_1_46' title="bbox 0 0 1516 5174; baseline 0 0"><span class='ocrx_word' id='word_1_405' title='bbox 0 0 1516 5174; x_wconf 95' lang='lat' dir='ltr'> </span> 
     </span>
    </p>
   </div>
  </div>
 </body>
</html>
