2990 5228
398 423 464 488 8¹20
694 416 1055 478 HERODOTI

277 565 353 656 l's‘l
392 582 449 654 Ἐν
468 585 503 656 ὁὶ
515 589 557 675 τῇ
571 585 671 674 λίμνῃ
691 583 795 674 ταύτῃ
812 581 853 651 cd
867 583 998 670 δείκηλα
1010 585 1078 649 τῶν
1094 579 1231 649 παθέων
1244 579 1355 648 αὐτοῦ

149 679 361 778 fflffi
399 705 521 785 νυκτὸς
539 711 691 789 ποιεῦσι,
720 704 761 774 sd
789 703 943 772 καλέουσι
971 699 1135 790 μυστήρια
1161 699 1354 787 Αἰγύπτιοι.

149 783 234 942 ,iffi
244 782 361 939 ἓξὲξ
379 823 479 910 auspi
499 821 561 912 piu
580 849 645 894 sus
664 823 795 893 τούτων
816 819 917 892 aiddu
938 847 995 910 μοι
1016 822 1071 892 tari
1090 820 1193 891 sitos
1214 819 1260 901 nic
1273 821 1352 889 ἕκα-

151 933 361 1032 ζῖῗιωω*
402 961 464 1012 στα
491 941 601 1014 αὐτῶν
628 943 710 1030 ἔχει,
748 943 892 1032 εὔστομα
912 945 1044 1014 κείσθω.
1079 943 1136 1012 καὶ
1155 947 1214 1030 τῆς
1236 937 1356 1029 Aq'pq-

358 1275 539 1353 natorSpon.
560 1273 661 1350 (itini
677 1275 851 1353 p.136)in-
903 1292 996 1334 corum
1023 1272 1177 1353 primordia
1210 1277 1291 1349 etque
1318 1271 1396 1332 initia

359 1360 435 1418 veuit
448 1377 482 1418 ac
498 1361 654 1440 descripsit.
674 1361 756 1419 Cont.
769 1361 853 1419 etiam
903 1361 1053 1420 continere.
1105 1400 1127 1431 „
1135 1357 1223 1416 Sicuti
1244 1357 1313 1415 enim
1334 1357 1394 1417 Ae·

360 1442 540 1504 Tourmetort
560 1465 669 1525 voyage
689 1445 726 1503 du
746 1444 856 1505 lavant
905 1447 1019 1525 gyptii“
1040 1445 1131 1518 (sunt
1161 1443 1244 1503 verbs
1260 1442 1387 1500 (Σκαιαὶ

361 1529 406 1588 ti
426 1551 454 1609 p.
469 1534 532 1596 290
547 1551 624 1608 seq.,
643 1531 720 1590 cuius
736 1533 855 1590 mentio-
906 1532 1045 1590 incomm.
1061 1529 1384 1606 Heroddpfflbiffl·

362 1633 427 1675 nem
443 1615 502 1676 hl.
520 1616 625 1676 faciunt
638 1617 814 1695 interpretes.
906 1625 953 1676 ctu
965 1617 994 1675 in
1009 1617 1076 1675 urbe
1094 1615 1144 1672 Sei
1167 1615 1207 1672 ad
1225 1613 1315 1670 mmm
1332 1613 1394 1670 Osi-

905 1701 974 1760 ridis
983 1701 1223 1778 rasurrmspedem
1236 1697 1402 1775 imaginem-

496 1827 577 1908 c...
600 1825 727 1888 ΟΜ·
905 1785 1404 1932 ttttt⁵bt.it⁰ittttt'⁵⁵2.tt

405 1953 439 2017 ἐν
461 1951 494 2016 di
516 1958 554 2040 τῇ
580 1955 689 2040 λίμνῃ]
724 1952 757 2016 ἔν
783 1954 810 2013 Ιι.
835 1955 854 2014 l.
905 1957 1038 2016 Bacchica
1066 1955 1249 2014 exhibuerant
1267 1955 1303 2012 sd
1331 1954 1403 2012 Ler-

260 2075 262 2080 ·
362 2039 437 2100 houd
450 2041 529 2101 aliter
543 2041 732 2119 accipiendum
747 2041 856 2100 videtur
905 2041 1108 2101 neeumiacmn
1122 2041 1223 2116 Argivi.
1267 2039 1404 2117 indepa-

361 2123 601 2203 atquel[,159·
628 2128 707 2198 168,
728 2127 777 2185 ubi
798 2127 854 2184 uid.
904 2127 975 2186 biice
1000 2145 1115 2202 qnoque
1141 2125 1274 2184 in'festis
1301 2125 1405 2183 nsoeai

360 2243 405 2256 -
424 2209 458 2269 ln
478 2231 558 2288 seqq.
581 2229 643 2269 cnm
671 2211 761 2271 Gaias.
790 2211 855 2270 dedi
904 2211 1004 2271 debus
1016 2211 1100 2284 tatia,
1117 2229 1188 2288 quae
1199 2210 1311 2289 publice
1326 2210 1407 2270 erul-

361 2287 476 2360 cu’roiu
492 2315 543 2374 pro
557 2287 692 2357 αὐτέων.
905 2298 967 2374 gari
981 2303 1127 2376 poterant,
1148 2295 1210 2353 nudi
1226 2297 1406 2372 incomtoqne

402 2375 440 2439 soi
454 2379 578 2459 δείκηλα
590 2385 653 2441 ταῖν
661 2377 788 2442 παθέων
799 2373 852 2441 mi·
905 2383 989 2444 modo
997 2387 1277 2460 repraesentaturum
1287 2382 1316 2438 in
1324 2382 1403 2457 agris

360 2465 417 2526 rod
425 2461 535 2538 vuardo
547 2463 679 2544 ποιεῦσι]
700 2465 745 2525 De
760 2467 854 2526 Saita-
904 2467 1071 2547 oppidisque
1083 2485 1134 2544 per
1145 2467 1301 2526 universam
1309 2467 1403 2525 Grae-

360 2569 421 2610 rum
444 2551 524 2610 sestis
548 2553 620 2611 cons.
639 2569 722 2630 supra
742 2551 783 2626 11,
802 2553 854 2618 59.
904 2554 973 2613 eiam
1000 2560 1028 2612 et
1057 2550 1162 2610 ltaliam
1191 2571 1278 2626 cam,
1315 2569 1400 2627 quam

361 2639 413 2701 62.
435 2635 498 2695 Hoc
511 2637 540 2695 in
551 2636 612 2695 loco
624 2629 720 2698 adsoni
731 2639 855 2697 reseren·
905 2637 1007 2697 Graeci
1028 2637 1195 2696 habitarunt.
1223 2637 1332 2696 Doceat
1345 2651 1393 2690 rs·

361 2722 427 2780 dam
442 2727 486 2778 est
500 2723 537 2778 ad
553 2723 702 2794 osiridem,
724 2723 762 2779 ad
776 2725 853 2782 cuius
905 2721 996 2795 scula,
1017 2723 1046 2780 in
1060 2721 1108 2780 iliis
1124 2723 1240 2780 maxime
1258 2720 1311 2778 oris
1331 2735 1393 2776 ma-

359 2806 459 2864 tnnera
471 2803 635 2864 celebranda
643 2807 768 2883 ritusque
780 2808 855 2867 fera-
904 2827 962 2889 gno
985 2825 1095 2866 numero
1119 2805 1257 2882 reperta.“
1307 2802 1398 2862 Plura

359 2887 558 2968 iesspectant,
580 2889 854 2967 quaeh.l.trndnn·
904 2891 1002 2952 dehis
1021 2893 1074 2951 aid
1094 2889 1262 2967 adV,67,
1282 2889 1399 2966 dequo

359 2979 413 3032 tnr.
462 2973 495 3032 tn
521 2973 555 3034 iis
585 2976 659 3034 enim
685 2975 855 3036 exhibebant
903 2977 966 3038 loco
988 2979 1043 3036 iam
1069 2977 1176 3037 monuit
1196 2973 1403 3038 ermis

361 3061 482 3138 speciem
497 3077 623 3135 casurum,
644 3062 692 3139 qui
708 3061 762 3120 deo
783 3063 856 3121 acci-
903 3081 970 3143 pag.
988 3067 1052 3129 221
1069 3082 1130 3140 seq.

362 3147 475 3220 derant,
498 3146 563 3204 dum
581 3147 609 3204 in
625 3147 692 3206 vivis
707 3153 767 3206 crat
782 3153 812 3207 et
825 3149 854 3207 in
948 3145 1000 3210 tut
1016 3146 1131 3227 πλέον]
1153 3151 1172 3208 i.
1188 3169 1213 3210 e.
1230 3149 1309 3228 plus,
1322 3165 1404 3206 mcu-

237 3250 240 3258 ·
361 3236 438 3291 terre
457 3230 636 3305 versabatur,
657 3234 747 3292 donec
761 3251 779 3290 a
793 3231 855 3311 Ty·
904 3237 1001 3294 raum.
1030 3233 1113 3292 Cons'.
1128 3233 1280 3294 Heindorf.
1294 3233 1408 3293 adPia·

360 3315 455 3395 phone
470 3315 641 3376 caederetur.
683 3317 779 3378 Scenis
800 3319 855 3394 igi·
905 3327 962 3380 ton.
977 3319 1064 3394 Gorg.
1083 3338 1114 3396 p.
1131 3322 1191 3394 23,
1208 3321 1247 3378 sd
1261 3319 1406 3378 Phaedon.

361 3399 524 3460 tnretiudis
539 3403 619 3478 quasi
634 3411 858 3480 repraesentasse
904 3425 934 3485 p.
950 3407 1019 3469 161.
1052 3401 1130 3462 Add.
1151 3411 1206 3463 act.
1224 3403 1330 3485 philoth
1340 3403 1404 3460 Mo-

258 3483 260 3488 '
361 3483 659 3546 videnturnniversam
672 3486 857 3548 calamitatum
905 3485 1087 3566 nacclpsg.
1101 3490 1166 3554 289
1401 3519 1405 3528 «

361 3567 520 3644 historiam,
548 3588 618 3647 quas
646 3572 715 3631 deus
738 3573 858 3632 humant
950 3567 1082 3652 εὔστομα
1092 3569 1222 3650 κείσθω]
1240 3573 1297 3630 ie.
1317 3567 1404 3628 siim-

360 3653 450 3711 ronna
473 3655 588 3714 indutus
600 3675 749 3734 perpessus
766 3659 857 3717 fuerit.
907 3662 976 3720 tium
1004 3678 1084 3735 agere
1112 3658 1194 3716 dobeo
1246 3654 1404 3732 Loquendi

362 3735 444 3802 Quae
458 3738 555 3814 quales
570 3741 692 3815 suerint,
716 3743 760 3801 bic
772 3762 859 3824 erpo-
907 3743 1026 3807 formula
1039 3744 1147 3804 serioris
1166 3739 1264 3800 aetatis
1281 3741 1406 3819 scripto·

361 3838 429 3880 nere
442 3821 556 3898 longum
576 3832 636 3900 est3
658 3827 800 3904 exposuit,
822 3847 859 3889 ne
908 3830 985 3890 ribus
1001 3831 1082 3889 valde
1095 3829 1279 3902 aequumque
1293 3826 1325 3884 in
1337 3847 1406 3906 pro·

361 3905 416 3964 alia
441 3907 605 3984 attingam,
637 3910 799 3972 Plutarchus
821 3914 860 3974 de
910 3915 1034 3975 serbiam
1047 3917 1102 3974 tere
1119 3911 1228 3970 abierit
1273 3911 1327 3971 Tu
1348 3913 1402 3970 vid.

361 3989 399 4051 1⁵·
415 3999 442 4050 ei
462 3993 536 4052 Osir-
555 4013 584 4072 p-
597 3994 660 4059 356
681 4015 704 4054 s·
720 3996 783 4063 459
798 4018 858 4078 seq.
909 3999 994 4060 schol.
1009 4001 1045 4058 nd
1056 3994 1187 4075 Sophnd.
1202 3995 1323 4056 Phiioct
1331 3999 1401 4060 201.

361 4073 508 4154 Wyttenb.
542 4077 581 4136 Et
592 4077 717 4156 pluribus
731 4081 798 4140 locis
811 4102 858 4142 su·
909 4083 1050 4145 Plutarch.
1062 4083 1157 4142 morab
1173 4101 1202 4160 p.
1219 4084 1295 4148 857.
1324 4081 1402 4140 ΤΙΙῡ-

363 4181 417 4241 pra
436 4163 491 4222 iam
518 4163 597 4221 buius
617 4165 729 4226 fabulae
740 4169 853 4241 mentio
909 4187 969 4231 mas
984 4169 1063 4248 Mag.
1084 4189 1114 4249 p·
1129 4167 1193 4233 396
1215 4174 1245 4226 et
1260 4165 1401 4244 Phrynich-

365 4267 429 4306 nem
448 4249 570 4308 serimus.
612 4247 678 4310 Hoc
696 4271 764 4312 vero
785 4271 859 4314 nnnc
908 4273 976 4336 pag·
990 4254 1055 4320 469
1075 4255 1121 4314 ed
1142 4251 1269 4312 Lobeck·
1317 4249 1403 4318 de

363 4333 548 4409 praetermitti
559 4331 700 4396 uoluuntur:
721 4337 859 4397 Herodoti
909 4359 976 4398 vero
990 4342 1019 4398 in
1038 4339 1189 4398 Herodoto
1210 4337 1328 4396 seribere
1343 4334 1402 4412 ph·

364 4415 454 4474 iocum
474 4417 542 4476 artis
561 4419 686 4482 scenicae
707 4421 750 4482 vei
767 4423 859 4484 Grae·
910 4431 955 4484 cet
966 4425 1077 4484 Starrio
1091 4423 1129 4482 ad
1146 4421 1282 4483 Hellanic-
1301 4421 1400 4497 hagae
