3012 5182
462 329 858 394 outonem.
1063 333 1126 400 ’(21

59 508 151 582 lm
261 501 391 567 Τοῦτον
410 495 452 585 δὴ
472 495 533 566 cdo
559 496 743 585 Αἰγύπτιον
771 493 963 582 Σέσωστριν
992 491 1123 582 elvepo·
1163 507 1373 616 mariam

172 619 303 706 otovrc,
317 617 374 685 καὶ
388 613 556 704 ἀνάγοντα
567 619 689 698 πολέας
702 614 904 704 ἀνθρώπους
918 619 984 684 τῶν
997 611 1122 682 ἐθνέων
1162 610 1372 709 implsu*

168 747 237 810 τῶν
257 734 319 817 τας
335 733 446 824 χώρας
466 735 724 823 κατεστρέψατο,
745 737 859 824 ἔλεγον
880 737 914 805 oi
933 731 1032 820 ἱρέες,
1054 733 1126 801 incl

172 885 205 928 ce
225 857 353 945 ἐγένετο
374 852 651 943 ἀνακομιζόμενος
671 855 708 924 ἐν
722 855 881 946 Δάφνῃσι
898 860 974 944 τῇσι
989 858 1122 940 Πηλου-

176 979 275 1068 σίῃσι,
297 974 358 1044 τὸν
379 970 543 1062 ἀδελφεὸν
562 974 690 1044 ἑαυτοῦ
712 981 760 1068 τῷ
773 975 925 1060 ἐπέτρεψε
939 973 1167 1055 Σέσωστρις75

176 1095 236 1185 τὴν
255 1098 441 1185 Αἴγυπτον,
468 1097 593 1164 τοῦτον
612 1093 665 1164 ἐπὶ
686 1095 788 1177 ξείνια
810 1091 914 1164 αὐτόν
932 1091 1125 1172 καλέσαντα,

124 1446 234 1508 'l'hebis
254 1453 363 1508 erectae
381 1445 552 1506 mentionem
573 1442 625 1503 ha·
675 1441 734 1523 l§.
749 1441 790 1509 15
805 1447 826 1504 t
839 1441 866 1500 11
887 1461 915 1520 p.
928 1440 1016 1516 447),
1037 1442 1084 1518 qui
1098 1459 1167 1500 erru-

125 1535 214 1604 hent,
234 1533 272 1592 de
284 1551 339 1608 qua
354 1531 493 1590 iablonsk.
508 1531 545 1590 de
560 1528 624 1590 llic-
675 1531 741 1588 dem
758 1547 821 1588 esse
838 1528 933 1601 addit,
963 1545 1045 1606 quem
1066 1526 1167 1586 Gracci

127 1634 305 1692 nuncupag.
317 1619 367 1681 30.
387 1649 431 1661 -
452 1615 534 1691 „Sed
549 1620 624 1676 reete
673 1611 803 1674 Doricum
824 1611 1008 1692 appellarint,
1032 1611 1167 1684 Sesostris

130 1701 187 1758 iam
201 1705 324 1758 auctores
338 1701 427 1780 operis
442 1701 572 1780 descript
585 1701 623 1760 de
674 1701 804 1774 hahent,
825 1699 872 1775 qui
892 1698 966 1757 idem
985 1702 1098 1755 vocetur
1112 1697 1165 1754 Δι-

130 1785 254 1864 l'Egypt.
277 1783 340 1842 tlt
360 1785 479 1862 (Theb.)
497 1805 564 1865 pug-
580 1783 623 1850 94
672 1791 783 1864 gypsus.
825 1781 858 1840 lu
879 1802 936 1859 quo
957 1789 1050 1842 tamen
1069 1779 1167 1840 Mane-

126 1875 261 1943 mouent,
292 1887 350 1927 non
371 1869 464 1946 ntique
485 1879 623 1946 constare,
673 1870 765 1928 thonis
787 1867 889 1928 ordlam
910 1886 972 1926 esse
990 1867 1075 1926 tidem
1097 1865 1168 1924 Lar-

125 1974 193 2016 uum
206 1953 337 2014 hocloco
359 1951 513 2014 Memnonis
534 1961 622 2015 statu·
673 1954 771 2016 ώοτιιι
784 1953 928 2014 contendit
944 1953 1036 2010 iutnh.
1046 1950 1166 2010 chronol.

124 2059 188 2114 am,
210 2057 286 2118 quae
307 2038 417 2098 Thebis
435 2044 492 2114 est,
515 2041 622 2118 cogita-
672 2039 761 2098 tVll
780 2057 846 2118 pag.
859 2039 923 2103 322
935 2055 994 2114 seq.
1009 2035 1070 2096 coll.
1095 2055 1124 2113 p.
1137 2039 1166 2100 8.

126 2125 385 2196 veritHerodotus;
402 2121 470 2181 illud
481 2142 543 2182 vero
554 2144 622 2186 con-
672 2125 732 2184 Sed
747 2123 912 2203 Champolh
929 2123 1064 2182 afferente
1077 2120 1166 2180 Creu-

128 2217 221 2282 stare,
237 2227 366 2288 eum-pro
379 2208 516 2268 Sesostris
528 2211 622 2269 statuis
672 2229 738 2270 zero
755 2228 854 2270 comm.
868 2207 937 2267 Her.
951 2227 979 2286 p·
990 2209 1061 2280 198,
1076 2206 1165 2284 suspi-

129 2294 189 2352 illas
202 2294 272 2352 duas
287 2295 315 2352 in
328 2294 405 2352 louia
419 2313 437 2352 n
454 2313 486 2353 se
499 2293 623 2353 visasha·
672 2301 765 2368 eatur,
779 2302 885 2356 temere
900 2290 1053 2352 universale
1064 2309 1166 2350 nomen

130 2379 241 2451 baisse,
268 2378 387 2456 itemque
420 2379 475 2439 hoc
498 2377 623 2456 alterum,
671 2382 793 2459 Aegypti
811 2381 935 2439 Graecos
957 2376 1122 2456 imposuisse
1140 2377 1166 2436 ei

129 2462 304 2522 Herodotum
319 2483 377 2523 non
388 2464 549 2523 confudisse
561 2463 624 2524 Me·
673 2467 750 2542 regi,
777 2465 823 2543 qui
841 2463 934 2526 Danai
952 2464 1037 2522 freter
1057 2461 1166 2522 sereba-

128 2566 257 2608 mnonem
278 2569 339 2609 com
360 2549 550 2609 Sesostride.“
572 2549 621 2610 Cr.
672 2555 736 2624 τοι,
757 2557 879 2610 eeterurn
892 2546 1044 2628 probabilis
1056 2566 1119 2606 esse
1136 2555 1167 2606 et

166 2629 246 2696 notri
268 2637 324 2716 τῆς
342 2627 495 2715 ἄληθηΐης
514 2625 622 2698 cirrote-
672 2655 796 2713 congrua
822 2641 977 2713 temporum
1007 2632 1167 2706 rationibus,

124 2716 296 2798 λειμμένοι]
325 2720 344 2778 i.
366 2739 391 2780 e.
415 2720 494 2798 longe
519 2741 537 2780 α
558 2741 622 2780 nero
672 2739 746 2798 quoe
761 2722 836 2800 opud
850 2716 1167 2798 losephuml.l.exldc-

124 2803 294 2878 οΙιιτταιιία,
315 2823 414 2866 avero
430 2805 510 2882 quasi
525 2807 620 2866 relicti.
671 2804 794 2866 nethcue
813 2808 1002 2886 proferantur,
1023 2803 1167 2880 viderique

124 2887 219 2956 Quam
230 2887 395 2950 locutionem
410 2895 541 2971 posteros
555 2891 623 2950 scri·
672 2889 801 2950 Βοαοιιιιι
814 2909 877 2951 esse
892 2889 1004 2948 Δτοιοῐιι
1018 2885 1167 2948 hianetho-

122 2978 221 3052 ptores
254 2973 374 3034 imitatos
413 2993 478 3034 esse
519 2974 624 3053 aliquot
671 2976 734 3048 nis;
747 2977 861 3034 fiunem
874 2980 976 3044 antem,
986 2989 1068 3048 quem
1076 2973 1167 3030 Grae-

124 3056 260 3136 excmplis
280 3057 384 3119 indicat
398 3059 566 3136 Wesseling.
585 3061 624 3120 od
673 3060 1027 3137 ciignorantitdegyptun
1038 3056 1166 3128 dixerint,

124 3140 156 3200 h·
174 3139 195 3201 l·
674 3144 808 3205 &otoo
827 3163 888 3205 esse
907 3142 1032 3203 Setheriu
1049 3138 1166 3198 Romec-

278 3265 363 3347 c...
385 3269 470 3331 <³⁷¹¹-
672 3249 734 3393 ἶξέἑ·
753 3224 1166 3394 ...turduli

167 3387 281 3468 πολέας
296 3385 495 3476 victoriando]
511 3395 623 3474 πολέας
673 3401 732 3475 67,
753 3401 783 3459 iu
796 3400 902 3460 summi
923 3399 982 3458 fere
989 3396 1165 3455 consentiens

124 3479 224 3540 Ionum
238 3499 316 3540 more
329 3500 382 3559 pro
398 3478 536 3560 πολλοὺς,
543 3485 622 3562 quod
672 3485 803 3564 idemque
824 3503 926 3546 nomeu
949 3481 1041 3540 fratris
1061 3487 1165 3540 tutem·

125 3565 217 3643 ipsum
237 3565 361 3625 nonnulli
385 3565 447 3626 libri
467 3567 511 3628 hic
538 3589 623 3648 prac-
671 3569 759 3638 Qnod
783 3570 859 3629 hsud
880 3564 1032 3630 inconsulto
1061 3567 1165 3625 fnenrm

126 3648 199 3708 beot.
242 3650 334 3726 „vid
356 3651 476 3730 Gregor.
495 3653 621 3714 Corinth.
670 3654 796 3729 videtur,
815 3655 839 3713 si
853 3656 966 3732 quidem
981 3653 1017 3711 de
1029 3650 1164 3710 indmtria

124 3751 191 3812 μσς·
205 3733 269 3800 438
293 3736 338 3795 ed.
358 3737 468 3798 Scbnet‘.
514 3739 621 3800 Confer
669 3740 748 3818 provi
767 3740 859 3799 fratris
881 3757 984 3799 nomen
1006 3735 1164 3796 sacerdotes

123 3817 240 3878 Homer.
254 3819 288 3880 ll.
303 3819 328 3896 1,
343 3819 438 3888 559.“
460 3821 517 3882 Cr:
670 3824 795 3900 celasse,
823 3843 876 3884 nec
899 3822 1083 3884 monumentis
1103 3819 1165 3880 lire-

165 3901 200 3966 ὃν
230 3896 376 3990 Δάφνῃσι
399 3910 470 3992 τῇσι
494 3910 630 3990 Πηὶον-Ι
670 3925 764 3966 rarum
778 3909 959 3986 consignasse
973 3905 1102 3966 credibile
1113 3910 1164 3965 est

123 3985 225 4071 σίῃσι]
265 3989 329 4050 Vid.
351 4012 436 4072 supra
456 3993 495 4052 ad
515 3992 557 4069 ll,
577 3995 620 4060 80
712 3989 763 4054 trel
779 3993 875 4068 ξείνια
890 3987 1163 4060 αὕτὸνιιαλέσαντα]

121 4075 237 4138 monitu·
356 4079 359 4088 '
670 4075 766 4151 ξείνια
783 4077 866 4155 vulgo
888 4083 951 4138 sunt
971 4072 1164 4153 hosmtclitotis

163 4154 218 4221 cciv
233 4150 380 4236 ddrlpro'v
399 4158 537 4240 tonsori]
558 4158 620 4241 Ap·
668 4161 755 4237 σοιιο,
784 4181 898 4222 munera
917 4179 991 4239 quae
1008 4159 1164 4240 hospitibus

120 4241 388 4322 pellaturmortis,
425 4247 451 4306 si
475 4247 547 4306 tides
576 4252 620 4307 est
669 4247 867 4308 offerunturac
882 4245 1060 4325 praebentur.
1081 4244 1165 4303 Cous.

121 4326 619 4474 hinlrlrptlhonissoseplneoutudpiou.
668 4349 742 4408 quae
758 4330 851 4390 monui
872 4331 910 4390 ad
934 4328 1072 4387 Plutarch
1091 4327 1165 4388 Alci-

228 4432 320 4473 onon.
343 4415 367 4474 l.
934 4415 977 4474 to
