2990 5228
329 397 331 402 ’
406 413 483 476 uu
526 409 977 474 connrcenns.
1192 410 1253 472 oar

275 599 347 648 μενα
367 581 434 634 idem
453 579 495 632 vir
513 579 607 633 doctus
627 577 752 648 iutelligit
770 575 804 630 de
826 575 942 646 utrisque
962 572 1174 630 sacrisfseoraum
1186 574 1254 644 apud

277 661 412 719 utramque
423 655 540 736 gentem,
559 653 651 702 neutra
671 649 779 701 alteram
801 646 932 710 imitante,
951 643 1085 700 institutis.
1119 643 1195 706 Quae
1212 661 1255 696 se·

277 726 402 790 quantur:
422 715 569 785 opdrpurror
581 715 634 786 γὰρ
650 711 686 770 ἂν
700 707 737 784 ἦν
758 716 878 785 ambigua
897 713 977 777 dicit,
1002 721 1088 766 utrum
1100 713 1179 766 totius
1194 730 1254 765 sen·

276 792 375 842 tentiae
388 784 439 855 dyoi
453 783 504 854 μὲν
515 777 567 840 ocia
577 815 613 828 -
626 803 659 840 au
671 794 817 857 postremae
832 784 913 854 partis
924 781 1049 838 rationem
1064 781 1183 836 reddant.
1218 781 1256 834 Et

276 857 340 911 illud
353 875 455 928 quoque
470 856 543 909 varie
559 855 652 910 disseri
669 874 745 927 posse
759 855 905 918 existimat,
929 868 978 904 cur
992 851 1141 904 Herodotus
1155 851 1255 904 Bacchi

276 945 352 980 secra
374 927 485 980 Graecia
513 921 658 992 ὁμότροπα
678 944 736 978 esso
758 924 901 1008 uogqyerit.
936 921 980 1004 Tu
1005 920 1058 1004 vld'
1083 927 1148 974 nott.
1170 927 1252 973 nostr.

277 995 612 1133 tltllllnlfhttl
626 994 842 1124 limittit
859 998 1005 1130 illidii
1018 999 1253 1112 :litttltl

277 1134 424 1203 pretatione
438 1141 465 1186 et
477 1133 509 1185 ad
525 1133 697 1216 Aegyptiacae
714 1132 847 1184 doctrinas
864 1127 1094 1183 accommodatione
1109 1145 1126 1179 s
1140 1127 1254 1198 pbiloso-

275 1201 335 1272 phis
350 1201 460 1256 Graecis
477 1200 629 1272 posterioris
646 1202 740 1254 aetatis
753 1200 871 1254 instituti
885 1199 994 1269 positam
1003 1215 1070 1262 esse,
1089 1214 1145 1250 cum
1156 1197 1253 1250 utrius-

276 1289 326 1340 que
342 1271 428 1340 gentis
441 1272 510 1325 docti
526 1270 638 1324 Osiridis
653 1272 801 1339 Bacchique
813 1270 968 1323 solemnibus
977 1267 1083 1320 eandem
1096 1266 1254 1320 subiecerint

275 1341 399 1394 rationem
414 1348 442 1393 et
457 1346 508 1395 tum
522 1341 625 1393 casibus
637 1343 727 1394 horum
745 1340 851 1392 deorum
865 1337 988 1392 fabulosis
1010 1344 1063 1389 tum
1084 1337 1139 1406 ipso
1152 1335 1254 1389 colendi

275 1410 326 1462 ritu
348 1409 488 1462 animorum
509 1411 629 1478 ambages
656 1415 685 1463 et
705 1409 895 1462 vicissitudines
915 1406 1064 1459 adumbrari
1086 1405 1253 1460 crediderint.

275 1479 334 1530 Hoc
346 1479 426 1547 igitur
438 1479 471 1530 ab
483 1479 616 1532 Herodoto
631 1477 772 1548 significari
789 1485 879 1547 putet,
902 1476 1082 1545 Pythagoreos
1095 1474 1191 1542 luisse,
1209 1473 1253 1558 qui

275 1547 385 1616 Dionysi
401 1547 474 1615 orgia
487 1547 519 1599 ad
534 1546 666 1618 pristinam
683 1566 740 1601 cum
756 1547 882 1600 Osiriacis
897 1543 1087 1597 similitudinem
1102 1545 1254 1600 reduxerant

274 1614 1253 1756 stilti?tilithililltstlllltt'lllttltllzlllt

274 1772 344 1819 rum,
362 1757 409 1808 sed
425 1755 532 1808 alterius
547 1763 649 1820 sectae,
668 1773 736 1824 qnae
748 1765 827 1807 artem
841 1751 1011 1806 sacrificalem
1023 1751 1057 1804 rit
1068 1753 1195 1821 professa.

108 1817 150 1870 Ad
171 1818 215 1882 ll,
237 1817 271 1874 49
295 1839 356 1891 pag.
373 1827 432 1880 599.
469 1824 540 1888 Quid
561 1821 703 1876 δεικνύναι
720 1824 770 1888 sit,
797 1824 841 1876 ubi
856 1815 889 1876 dc
909 1821 992 1879 sacris
1010 1839 1110 1886 sermo,
1135 1819 1252 1892 pluribus

275 1893 438 1960 persequitur
451 1893 640 1948 idem'hobeclr.
655 1895 672 1946 l.
687 1894 704 1946 l
722 1910 785 1961 pag.
797 1893 830 1947 49
843 1909 918 1962 seqq.
945 1908 966 1944 'a

107 1956 149 2009 Ad
166 1955 209 2021 ll,
227 1957 260 2012 51
281 1975 342 2028 pag.
354 1963 414 2015 605.
449 1963 526 2014 Hunc
545 1962 627 2015 locum
650 1962 737 2030 tangit
757 1961 871 2014 Lobeclr.
894 1961 911 2012 l.
928 1960 945 2012 l.
968 1959 1196 2028 peg.1212seqq.
1214 1955 1252 2009 ita

274 2033 405 2081 statuens:
423 2033 627 2094 „Samothraces
644 2033 814 2100 Lemniosque
834 2031 907 2083 deam
928 2029 1055 2098 quendam
1070 2027 1182 2080 coluisse
1197 2026 1252 2078 lle-

275 2105 350 2151 catae
369 2105 447 2168 atquc
469 2101 568 2153 Dianae
592 2103 637 2169 (aa
658 2118 769 2170 namque
786 2099 883 2152 Beudis
904 2099 1026 2168 putatur)
1046 2096 1151 2149 similem
1169 2112 1252 2164 neque

274 2166 403 2220 diversam
417 2187 432 2221 a
448 2169 618 2240 Proserpina,
636 2171 709 2222 cuius
724 2187 780 2222 cum
795 2168 924 2222 Mercurio
944 2167 1042 2219 furtive
1055 2163 1205 2218 commercia
1225 2164 1251 2216 iu

272 2238 402 2306 mysteriis
416 2237 527 2291 Cabiriis
542 2247 663 2291 cremata
680 2257 738 2291 esse
751 2255 782 2290 ex
799 2237 929 2291 Herodoti
943 2235 1031 2288 verbis
1046 2235 1218 2302 colligimus.“

107 2304 146 2356 sd
163 2304 254 2372 ll,53
271 2323 332 2375 pag.
347 2309 407 2361 609.
420 2311 482 2362 610.
518 2298 641 2360 oricotdi
656 2305 708 2360 eloi
722 2306 749 2359 ol
764 2306 931 2375 ποιήσαντες
944 2324 968 2358 κ.
983 2306 1046 2356 ci..
1081 2304 1158 2366 Ques
1171 2302 1251 2355 verba

273 2377 358 2428 citans
370 2375 485 2429 Lobeclt.
497 2377 514 2428 l.
529 2377 548 2428 Ι.
561 2395 622 2447 pag.
638 2377 690 2432 elr
709 2376 767 2444 (ubi
785 2377 818 2429 de
841 2376 978 2429 carminum
994 2373 1168 2443 Orphicorum
1183 2372 1251 2424 auti·

273 2444 375 2514 quitate
387 2444 522 2512 disserit),
538 2444 574 2498 ita
586 2445 725 2515 explicuit:
751 2445 843 2566 „quod
862 2462 912 2497 non
936 2461 966 2496 eo
986 2442 1052 2495 dixit
1072 2441 1251 2509 (Herodotus)

291 2511 347 2565 uasi
363 2513 480 2565 Graecos
495 2523 556 2565 ente
571 2514 628 2567 illos
649 2514 713 2566 nihil
731 2514 764 2567 de
797 2532 883 2567 eorum
898 2527 992 2566 nutura
1003 2511 1132 2564 fabulatos
1146 2517 1252 2580 putaret

272 2530 289 2648 d
306 2599 338 2634 uo
350 2581 413 2634 nihil
434 2581 549 2648 ineptius
564 2583 627 2650 fingi
644 2583 743 2652 potest)
762 2585 805 2636 sed
822 2583 907 2652 potius
924 2584 974 2635 hoo
987 2579 1133 2644 contendit,
1150 2579 1251 2632 lebnlas

273 2599 331 2702 illes
344 2651 440 2720 passim
455 2651 523 2702 nullo
538 2651 668 2720 locuplete
683 2659 789 2703 auctore
801 2653 920 2719 vulgatae
939 2667 1023 2720 neque
1044 2649 1173 2702 literarum
1196 2664 1251 2699 mo-

272 2719 400 2773 numentis
418 2720 552 2772 mandatur
574 2728 626 2772 tum
647 2722 747 2773 demum
770 2721 884 2773 radicari
907 2728 934 2772 et
962 2719 1104 2772 inolescere
1124 2717 1251 2786 coepisse,

272 2806 349 2858 quum
368 2789 475 2844 duorum
494 2790 707 2843 nobilissimorum
724 2794 857 2858 poetarum
877 2789 957 2842 veluti
978 2789 1081 2858 publico
1103 2785 1251 2840 testimonio

272 2866 358 2910 essent
385 2857 519 2914 ornatae'
552 2861 608 2912 Hos
631 2859 728 2928 igitur,
755 2859 799 2927 qui
820 2859 946 2928 quandem
965 2857 1005 2912 rei
1030 2857 1156 2910 fabuleris
1176 2855 1251 2926 quasi

272 2924 433 2991 disciplinam
454 2927 638 2990 condiderunt,
665 2927 698 2981 ad
720 2945 784 2996 quos
804 2929 935 2988 omnibus,
954 2927 998 2995 qui
1019 2925 1051 2978 de
1069 2927 1174 2978 deorum
1190 2941 1251 2993 pro-
1348 2949 1361 2972 ο

271 2991 348 3059 genie
361 3002 388 3045 ct
401 2994 471 3046 vitae
485 2997 587 3048 actione
600 3004 742 3064 quaerunt,
766 3004 887 3064 tauquam
904 2997 937 3048 ad
955 2995 1050 3064 primos
1063 2995 1148 3046 sontes
1160 3010 1250 3046 recur-

271 3060 379 3113 rendum
392 3069 447 3124 est,
475 3064 622 3117 Herodotus
641 3066 733 3118 merito
746 3065 916 3132 Theogouiee
938 3061 1117 3116 Graecanicae
1131 3069 1250 3115 auctores

253 3129 429 3252 ‘illiti
450 3131 547 3254 ills
560 3135 881 3270 {lilittlfllttt‘
893 3132 1251 3254 lll‘llllttltl

485 3237 492 3264 i

269 3217 382 3321 homero
395 3275 441 3321 aut
458 3269 544 3338 aliquo
565 3270 711 3352 antiquiore
733 3276 811 3339 poete
830 3221 1004 3324 idtrdductum
1025 3287 1083 3322 ease
1105 3267 1248 3324 contendit.

269 3336 322 3418 Sed
342 3343 446 3390 exstare
468 3339 609 3408 quidquam
629 3356 655 3390 m
678 3339 760 3391 literis
779 3337 926 3410 antiquius,
951 3339 978 3391 id
996 3356 1060 3392 vero
1075 3336 1152 3390 etiam
1170 3343 1249 3407 atque

270 3411 348 3458 etiem
360 3415 450 3474 neget.
469 3425 552 3476 eoque
566 3425 615 3460 uuo
630 3410 710 3460 verbo
722 3409 839 3478 Orphei,
859 3408 960 3462 Musaei
983 3413 1010 3460 et
1029 3407 1186 3476 reliquorum
1200 3423 1249 3459 va-

268 3479 338 3536 tum,
357 3492 423 3544 quee
439 3479 490 3528 tum
504 3477 753 3530 circumferebantur
771 3477 895 3542 carmine,
915 3476 1084 3548 praescriptis
1098 3473 1249 3528 auctoribus

269 3543 1249 3682 llllltlltttlthlllll‘lllllttlltltileth
1308 3561 1311 3572 ’

267 3697 299 3733 ue
311 3681 459 3736 Aristotelis
472 3684 574 3750 quidem
589 3634 746 3737 auctoritdle
758 3683 868 3753 opprimi
899 3685 997 3736 otuit.“
1024 3631 1094 3685 gun
1181 3630 1221 3682 ’q

101 3747 142 3800 ad
160 3747 199 3814 ll,
217 3748 250 3803 81
269 3765 331 3818 pag.
347 3751 407 3804 664.
444 3745 626 3820 ὁμολογέουσι
640 3749 670 3804 di
686 3753 777 3805 redae
791 3756 865 3804 τοῖσι
892 3752 1041 3819 Ορφικοῖσι
1061 3770 1085 3804 ac
1100 3769 1125 3804 τ.
1141 3753 1164 3802 l.
1195 3750 1248 3803 Lo·

267 3817 385 3871 beckium
404 3818 427 3870 si
450 3820 524 3872 audis
543 3821 559 3876 l.
581 3821 597 3872 l.
616 3839 673 3889 pag.
690 3821 758 3884 694,
783 3823 831 3875 hoc
851 3838 934 3889 genus
954 3821 1138 3875 Bacchicorum
1156 3819 1247 3901 (quum
1285 3827 1293 3844 “

266 3888 347 3940 multa
365 3887 464 3940 luerint
476 3889 600 3959 varieque
612 3890 708 3942 Bacchi
721 3889 826 3958 orgia),
849 3891 918 3961 quod
938 3891 1085 3942 Herodotus
1106 3889 1248 3958 Orphicum

268 3956 373 4019 vocari,
392 3959 579 4026 Aegyptiarum
593 3966 621 4014 et
634 3958 836 4029 Pythagoricum
855 3977 913 4014 erse
928 3959 1063 4028 perhibet,
1080 3975 1157 4012 unum
1170 3975 1247 4028 aper-

265 4029 319 4078 tum
332 4025 412 4079 habet
424 4035 555 4081 auctorem
568 4027 769 4082 Onomacrltum.

100 4092 141 4146 m
159 4091 201 4157 ¹¹’
219 4093 254 4148 ⁸²
268 4095 419 4230 tetih
440 4087 1248 4234 ”lifltll‘dltlffllllt⁰²ll‘ldlt‘lt‘l‘tt

265 4235 357 4300 poetas
380 4185 562 4303 Orphicaepet
581 4235 774 4304 Pythagoricae
793 4185 1037 4297 secteegaddictos,
1067 4183 1131 4303 duos
1152 4234 1179 4285 iu
1198 4234 1247 4288 huo

265 4316 370 4368 quoquc
386 4302 521 4356 doctrinae
536 4321 633 4374 genere
644 4305 752 4360 decreta
765 4302 952 4376 Aegyptiorum
974 4303 1114 4359 aemulatos
1126 4321 1185 4359 esse
1198 4303 1246 4358 ad-

264 4368 365 4424 modum
380 4372 503 4428 credibile
517 4374 561 4430 sit.

958 4459 1039 4528 59*
