3012 5182
425 485 825 548 EU'I'ERPE.ll.
1041 487 1105 550 ral

8 675 23 712 .·.·
43 667 132 738 112
241 649 374 723 Τούτου
403 652 439 722 dl
473 651 666 736 ἐκδέξασθαι
699 650 760 740 τήν
794 654 966 739 promnion
995 649 1357 754 lteyooaafffitffifflffi

149 767 258 857 ἄνδρα
276 773 470 860 Μεμφίτην,
490 777 538 862 τῷ
559 771 643 842 κατὰ
662 769 724 859 τήν
737 775 806 839 τῶν
822 769 986 858 Ἑλλήνων
998 776 1107 856 γλοῑσ-
1146 762 1358 906 ἓέῗῧῑὲἓὲἓ·

153 909 216 958 ααν
236 887 367 978 οὔνομα
389 890 527 979 Πρωτέα
548 887 648 960 εἶναι·
672 896 734 960 rori
753 895 817 959 νῦν
836 890 970 976 τέμενός
982 889 1050 960 ἐστι
1068 891 1105 960 ἐν
1146 895 1359 1021 ffissmu'ffi'

6 1161 16 1204 ι’
111 1170 199 1230 seruit
221 1169 317 1248 Zoiga
344 1169 373 1229 in
393 1170 540 1231 immortali
561 1169 606 1229 illo
656 1169 759 1228 formas
774 1169 885 1230 subiret.
906 1169 960 1230 Alii
972 1171 1041 1245 (vid.
1050 1169 1151 1232 Creur.

5 1285 11 1324 f
112 1275 215 1335 opere,
236 1257 310 1316 cuim
325 1257 380 1316 iam
397 1259 508 1335 saepius
528 1275 607 1316 men·
656 1255 781 1329 Symbol.
794 1253 834 1313 lll
848 1275 877 1334 p.
887 1255 950 1321 264
961 1257 1035 1332 req.)
1049 1256 1153 1315 doctri·

109 1341 331 1402 tionemfecimnr
339 1343 435 1418 (Rom.
445 1341 607 1416 1797fol.).
657 1359 723 1398 nam
746 1341 775 1399 in
796 1359 830 1400 eo
854 1341 940 1401 latere
961 1343 1152 1401 existimabant

109 1427 166 1496 Qui
199 1429 235 1486 de
266 1435 359 1506 etymo
390 1428 466 1488 vocis
501 1428 608 1487 monuit
656 1443 746 1484 rerum
759 1425 880 1484 omnium
894 1446 928 1484 ex
941 1446 1015 1503 aqua
1030 1433 1150 1485 ortorum

104 1531 173 1593 pag.
190 1517 252 1579 129
272 1533 331 1591 seq.
658 1517 686 1569 et
700 1511 892 1590 prosectarum.
922 1511 1088 1570 Recentiore
1103 1531 1151 1571 ae-

267 1638 343 1719 cap.
365 1640 453 1701 cm
658 1601 718 1655 tate
729 1597 904 1670 exstiteram,
920 1597 967 1673 qni
982 1596 1048 1656 talia
1062 1597 1151 1675 aphi-

657 1680 779 1758 losophis
799 1687 929 1758 posterae
948 1683 1048 1740 aetatis
1070 1701 1151 1741 exco-

157 1767 201 1849 τῷ
215 1758 291 1825 κατὰ
308 1761 363 1844 τὴν
378 1771 438 1829 τοῖν
452 1758 608 1845 amison
657 1767 747 1844 gitata
767 1765 934 1840 clamantes,
961 1765 1151 1826 Herodoteam

112 1882 158 1895 -
172 1845 299 1926 Πρωτέα
313 1845 403 1930 εἶναι]
437 1852 607 1930 Aegyptium
657 1851 843 1911 narrationem
856 1851 1000 1930 Aegyptiis
1023 1852 1151 1910 sacerdo-

110 1953 216 1995 nomen
238 1934 319 1992 Ceteri
335 1937 417 1996 luisse
431 1940 523 2017 prodit
534 1937 606 1996 Dio-
657 1937 732 1995 tibus
744 1936 863 1995 adscribi
876 1937 979 1995 debere
997 1938 1149 1997 contende-

108 2020 296 2093 dor.1,62,
324 2021 372 2096 qui
394 2027 484 2082 tamen
499 2022 606 2097 (1,6o
656 2027 746 2094 rent,
776 2021 881 2099 quippe
903 2022 950 2097 qui
971 2021 1105 2094 Graecis,
1132 2041 1151 2081 a

106 2109 185 2184 seq.)
205 2106 281 2164 intra
297 2103 461 2166 Sesostridis
480 2108 563 2166 tilium
578 2112 608 2165 et
656 2106 755 2184 quibua
771 2125 856 2184 saepe
868 2106 1028 2182 interrogati
1040 2107 1152 2181 fuerint,

104 2193 217 2253 huncce
228 2190 362 2249 Proteum
376 2209 399 2248 s.
415 2193 500 2250 Cetea
514 2192 606 2272 plnres
655 2191 741 2251 verba
766 2190 917 2265 dederint,
949 2197 1152 2268 nautammqne

108 2277 232 2336 collocat
244 2294 342 2352 reges,
363 2275 510 2334 Herodoto
528 2297 607 2355 pror-
657 2276 763 2336 tabidas
782 2277 872 2353 magis
891 2277 962 2334 adeo
979 2277 1105 2336 auxerint
1122 2283 1152 2336 et

111 2382 159 2421 sus
179 2361 303 2438 ignotos.
343 2361 499 2420 Iaroherus
518 2362 607 2422 Hero-
657 2362 837 2434 exemerint,
880 2380 975 2437 regem
1015 2361 1152 2437 tingentes

112 2448 212 2504 dotum
238 2451 347 2506 secutus
371 2444 505 2505 Proteum
531 2447 609 2525 ponit
656 2447 791 2506 Proteum
814 2447 1012 2506 remotissimae
1037 2446 1154 2506 Troica-

114 2533 144 2590 in
159 2551 224 2590 ann.
236 2531 350 2597 1294a
358 2533 425 2590 Chr.
441 2533 480 2590 ad
492 2550 607 2608 regnum
657 2551 719 2591 rum
738 2551 829 2592 rerum
850 2533 969 2605 aetatis,
989 2532 1066 2590 miris
1088 2531 1155 2589 viri-

111 2622 252 2690 erectum,
267 2619 344 2694 quod
356 2635 410 2695 per
421 2617 609 2695 qninquagin-
658 2619 709 2677 bus
723 2618 888 2695 praeditum.
909 2617 973 2675 Vid.
988 2617 1008 2674 Ι.
1024 2617 1061 2675 H.
1068 2615 1153 2675 Voss.

108 2709 140 2761 ta
153 2702 382 2762 annostenuerit.
416 2702 527 2763 Delioc
541 2722 608 2780 rege
659 2700 904 2761 acclamatum
926 2701 1155 2778 adVirgilGe·

108 2805 180 2864 quae
192 2787 310 2865 plurima
322 2785 521 2864 legunturtum
531 2789 610 2868 apud
660 2807 719 2864 org.
734 2787 782 2861 lV,
791 2786 855 2852 384
872 2807 899 2866 p.
910 2790 974 2854 862
983 2807 1062 2865 seqq.
1083 2787 1154 2847 lnde

109 2871 178 2930 alios
191 2892 284 2932 rerum
306 2875 473 2952 scriptores,
501 2874 546 2932 hic
563 2893 609 2933 re-
660 2873 844 2950 navigationis
871 2893 923 2950 per
947 2873 1035 2932 maria
1057 2871 1155 2948 ignota

108 2963 208 3035 petere
225 2977 284 3016 non
299 2960 405 3018 attinet.
448 2958 520 3017 Sunt
534 2959 609 3018 enim
660 2959 809 3034 imaginem
825 2957 919 3018 Protei
934 2959 1026 3017 sabuli
1043 2957 1156 3017 indicari

109 3040 192 3114 talia,
214 3041 243 3100 in
262 3044 361 3119 quibus
383 3041 483 3102 falsum
505 3063 523 3102 a
542 3063 610 3102 vero
661 3042 744 3120 vulgo
759 3043 805 3100 isti
821 3043 1002 3101 arbitrantur!
1015 3041 1155 3101 Necmul-

110 3127 272 3185 discernere
285 3145 417 3202 nequear.
459 3126 504 3187 De
515 3127 611 3204 singu-
661 3135 719 3187 tum
736 3127 1156 3187 indereceduntaliorumcom-

112 3211 148 3269 lis
169 3211 245 3268 cons.
259 3211 345 3270 Beck.
367 3211 468 3272 Anleit.
481 3232 507 3270 z.
522 3212 612 3272 Welt-
661 3219 771 3287 menta,
792 3230 865 3290 quae
876 3211 969 3270 retulit
982 3211 1155 3269 doctissimus

114 3293 240 3371 gach-l
252 3313 320 3374 pag·
334 3295 465 3376 714req.
511 3298 613 3356 Graeci
662 3297 788 3359 Nitzsclu
803 3299 839 3356 ad
851 3297 966 3356 Homeri
979 3296 1082 3372 Odyss.
1102 3293 1120 3354 l.
1136 3295 1155 3354 l.

112 3381 252 3439 Proteum
281 3381 368 3439 tuisse
387 3384 499 3442 uadunt
516 3380 613 3461 Aegy-
662 3403 728 3464 pag.
743 3388 816 3448 271.
829 3415 872 3427 -
892 3382 974 3440 cons.
990 3381 1157 3458 etiamqnae

113 3465 207 3545 ptium
226 3483 347 3543 eumque
367 3469 451 3526 modo
466 3470 548 3528 deum
563 3487 613 3527 vo-
663 3469 701 3529 ad
722 3469 764 3543 ll,
781 3470 841 3532 113
859 3467 1044 3544 disputantur.

113 3555 197 3624 cant,
217 3551 303 3608 modo
316 3570 413 3628 regem
427 3571 459 3610 ac
471 3555 614 3614 mortalem
706 3556 763 3616 τοῦ
784 3555 842 3614 νῦν
862 3545 982 3632 τέμενός
1002 3549 1063 3612 ἐστι
1085 3573 1112 3613 κ.
1127 3572 1154 3611 τ.

115 3637 247 3708 (Homer.
263 3635 320 3694 Od.
335 3635 465 3712 1V,3at.
486 3638 613 3718 Euripid.
664 3636 703 3717 1.]
726 3636 849 3718 τέμενος
862 3640 898 3698 de
910 3637 1007 3715 quovis
1019 3656 1088 3714 agro
1102 3636 1157 3696 dici

116 3721 216 3780 Helen.
231 3719 273 3785 46
282 3741 362 3798 seqq.
377 3721 439 3781 coll.
459 3724 611 3783 Stesichori
661 3724 775 3798 locove,
796 3724 845 3799 qui
865 3742 917 3782 usu
939 3722 1045 3800 vulgari
1065 3741 1158 3782 uem·

116 3807 610 3885 trorum-p.92seq.ed.1(1eine).
661 3815 706 3868 tua
741 3808 875 3886 religione
902 3815 1077 3868 consecratus
1103 3815 1158 3882 est,

115 3887 159 3948 Ac
172 3891 293 3950 nonnulli
316 3892 404 3967 (sunt
416 3897 504 3954 rerba
521 3894 612 3954 Creu·
662 3895 728 3953 satis
749 3901 864 3953 constat.
914 3895 996 3952 Coni.
1018 3893 1075 3967 lx,
1097 3895 1158 3956 116

114 3974 174 4033 aeri
194 3995 292 4035 comm.
312 3977 381 4037 Her.
406 3998 435 4057 p.
458 3982 530 4044 313.
547 3981 610 4044 833
661 3979 728 4055 ibiq.
743 3979 861 4039 Wessel.
877 3978 920 4053 ll,
937 3977 1071 4051 155.111‚
1087 3977 1157 4042 142

114 4060 184 4136 ibiq.
207 4060 369 4122 Eustathins
383 4065 420 4121 ad
435 4065 553 4124 Homeri
570 4063 612 4120 lo-
661 4094 706 4110 -
720 4063 753 4122 ln
767 4083 845 4142 seqq.
867 4065 965 4140 reliqui
984 4060 1159 4141 Ἡφαιστηΐ-

91 4161 180 4204 ’τωω
193 4145 211 4203 l.
232 4147 306 4205 Add.
322 4148 475 4224 Symboll
496 4147 621 4227 plat),
664 4171 719 4222 ον,
748 4150 872 4225 quamvis
891 4149 948 4207 bini
970 4147 1033 4206 libri
1052 4143 1158 4222 Ἡφαι-

109 4231 250 4290 Proteum
277 4231 453 4292 Homericum
486 4235 615 4309 adeoque
664 4232 762 4309 orion,
784 4231 829 4292 alii
845 4231 1048 4315 Ἡφαιστείου.
1069 4230 1160 4290 Nam·

110 4315 287 4394 Aegyptium
300 4319 336 4375 ad
344 4319 547 4379 vicissitudines
556 4338 615 4378 ma·
664 4337 719 4398 qne
740 4319 944 4394 Grammatici,
972 4317 1021 4394 qui
1046 4318 1159 4376 omnino

109 4401 205 4460 leriae
219 4401 400 4481 primigeniae
413 4401 615 4484 pertinere'vo-
664 4403 778 4464 multam
806 4423 920 4482 operam
948 4402 978 4461 in
1004 4403 1159 4462 istiusmodi

109 4487 252 4561 luerunt,
281 4506 354 4566 qnae
375 4491 465 4550 variar
483 4490 615 4570 deinceps
666 4491 780 4551 vocibus
814 4489 957 4549 temenicis
993 4487 1158 4548 definiendis
