3048 5218
420 459 484 524 'lid
719 452 1078 516 HERODOTl

421 617 565 706 silton,
587 616 704 706 ἐούσης
724 617 950 707 τετραγώνου,
971 619 1026 690 soi
1043 615 1133 700 ὕψος
1152 617 1244 686 ἴσον·
1272 619 1382 686 ilion

420 741 456 812 di
477 743 591 824 ξεστοῦ
611 763 645 808 cs
667 739 723 808 sui
750 735 960 826 ἁρμοσμένου
992 739 1031 806 eri
1056 736 1215 826 pilense·
1260 733 1382 818 οὐδεὶς

380 939 587 956 ..α-ι*-

379 1065 427 1116 net
453 1053 553 1132 Zoigu
570 1053 589 1112 L
606 1051 624 1112 l.
649 1051 737 1114 rideri
762 1060 869 1114 veteres
921 1051 948 1112 le
964 1051 1027 1130 plus
1047 1050 1137 1130 grand
1156 1049 1254 1124 soio;“
1278 1051 1329 1111 sed
1347 1051 1427 1113 bene

379 1141 527 1219 scriptores
540 1139 576 1198 de
591 1137 737 1198 altitudine
752 1137 869 1216 obliquo,
920 1145 1015 1198 monet
1027 1137 1185 1209 Letronne,
1204 1135 1267 1212 loeq
1287 1139 1365 1196 vocis
1379 1159 1425 1195 re-

379 1225 705 1305 quamperegriuatonrm
715 1243 871 1282 unrsseom·
922 1225 1000 1284 strue
1020 1222 1241 1282 substituendum
1261 1242 1324 1282 esse
1350 1223 1422 1300 sor-

379 1313 517 1392 putarerit
534 1311 598 1388 ped.
611 1311 674 1375 698
692 1308 751 1368 basi
767 1327 872 1385 aequa·
921 1311 994 1378 me'e‚·
1008 1309 1037 1368 id
1053 1308 1130 1386 quod
1144 1307 1197 1366 loci
1211 1309 1350 1368 sententia
1365 1329 1424 1388 po-

379 1397 450 1469 lein,
469 1394 670 1472 intelligendos.
712 1392 790 1454 Alter
803 1392 870 1451 Gal·
922 1395 1013 1454 stulat.

379 1482 420 1540 tus
439 1479 580 1540 Herodoti
600 1479 755 1558 interpres,
781 1477 872 1553 ultor,
965 1472 1067 1550 aridate
1084 1480 1149 1538 saio
1166 1473 1414 1556 ttenemim.

378 1569 407 1626 in
419 1567 487 1646 ipsis
503 1565 640 1625 Herodoti
652 1563 744 1623 verbis
758 1565 798 1623 sic
810 1583 871 1622 mtr-
921 1587 957 1626 su
970 1565 1076 1624 ποδῶν
1088 1556 1236 1642 ἐλάσσων]
1254 1564 1332 1636 Hoc,
1348 1583 1413 1623 sno-

378 1653 430 1710 tari
447 1650 518 1710 udi:
542 1647 593 1712 soi
607 1643 691 1724 ὕψος
709 1648 743 1722 ἓξ
759 1645 811 1711 tio
830 1648 871 1724 (et
921 1655 1005 1708 nente
1017 1649 1116 1725 Zoiga
1128 1667 1194 1728 pag·
1208 1651 1273 1714 887
1295 1657 1352 1707 not
1365 1652 1414 1722 15,

317 1737 320 1744 '
379 1737 409 1796 io
434 1737 546 1796 dautem
572 1737 647 1793 etant
666 1737 711 1792 ras:
738 1735 754 1792 i.
775 1754 799 1794 e.
826 1737 871 1792 six
920 1754 1014 1794 verum
1035 1753 1096 1793 esse
1114 1739 1224 1812 potest,
1251 1733 1275 1791 si
1303 1736 1420 1795 extimos

375 1822 522 1902 plitirer)‚·
558 1839 620 1880 cum
643 1820 712 1879 haec
740 1819 776 1877 sit
804 1837 871 1898 vera
919 1819 980 1879 ilios
1014 1818 1152 1895 intelligas
1185 1819 1315 1896 lapides,
1346 1839 1425 1879 nnnc

378 1905 529 1988 pyramidis
555 1905 684 1964 altitudo.
726 1905 785 1964 Sed
812 1905 872 1963 iure
921 1905 1031 1964 avulsos
1055 1905 1234 1963 barbaranun
1262 1907 1426 1984 rapacitate

379 1979 545 2068 o'.''quutus
571 1997 614 2050 est
643 1989 786 2050 Letronne
819 1989 871 2064 (in
921 1991 1008 2066 (coni.
1023 2009 1051 2068 p.
1065 1989 1158 2064 408);
1181 1991 1227 2066 qui
1249 1991 1324 2048 enirn
1343 2009 1424 2050 nuuc

379 2095 495 2138 censura
508 2075 587 2135 huius
598 2075 659 2134 libri
673 2079 771 2154 pag·7
785 2075 871 2151 serp),
920 2083 1026 2134 restant
1044 2074 1171 2151 lapides,
1192 2073 1278 2132 marito
1296 2077 1421 2136 minores

341 2159 344 2164 '
379 2181 439 2220 essm
452 2161 564 2239 linguae
585 2160 662 2236 leges
677 2162 796 2239 ipsaque
808 2157 874 2216 ors·¹
920 2181 981 2221 esse
1001 2160 1139 2218 dicuutur.
1160 2191 1203 2204 -
1233 2159 1341 2219 lumin
1363 2163 1421 2220 sme

377 2248 419 2306 tio
430 2247 591 2306 Herodoten
606 2245 718 2306 minime
734 2243 817 2304 talem
830 2246 871 2303 se·
920 2245 999 2306 husius
1015 2245 1111 2321 capitis
1133 2247 1271 2322 quaedam
1292 2247 1330 2305 de
1347 2249 1418 2325 ipsis

378 2340 440 2390 rant
454 2331 685 2392 emendationem.
714 2328 776 2389 Nee
792 2328 871 2405 equi·
920 2330 1110 2412 pyramidibus
1127 2331 1250 2390 adiicere
1271 2351 1328 2390 noo
1349 2332 1420 2392 alie·

378 2417 441 2477 dem
455 2417 606 2493 quidquam
619 2416 649 2476 in
660 2415 798 2475 Herodoti
810 2422 871 2472 ter·
921 2435 987 2475 uum
1015 2416 1075 2475 erit.
1122 2415 1168 2474 De
1201 2417 1302 2493 quibus
1337 2416 1417 2476 multi

378 2507 408 2560 tu
421 2510 528 2561 mutare
552 2501 687 2574 arideum,
708 2499 796 2557 ubiin
809 2499 872 2578 ipsa
921 2501 1006 2562 mrrlta
1024 2498 1211 2580 protulerunt;
1245 2503 1300 2560 vid.
1330 2505 1417 2560 modo

378 2608 409 2647 re
428 2593 534 2645 veteres
559 2588 706 2665 scriptores
726 2603 816 2662 aeque
836 2601 869 2642 uc
920 2586 1008 2646 Beck.
1032 2585 1132 2644 untur.
1154 2607 1180 2644 2.
1212 2587 1374 2663 Weltgesclr.
1400 2587 1416 2644 l

376 2675 544 2732 recentiores
553 2679 609 2729 tam
621 2671 815 2730 dissentientes
826 2669 868 2727 ri·
919 2692 948 2751 p.
962 2669 1025 2736 705
1039 2689 1118 2748 seqq.
1132 2680 1161 2731 et
1174 2673 1317 2750 praecipue
1329 2671 1408 2730 Zoe-

377 2757 440 2816 deo.
483 2755 610 2814 Corrtelle
634 2756 695 2814 loco
721 2774 787 2813 mox
810 2754 869 2812 lau·
919 2757 1005 2833 g'ade
1027 2757 1270 2835 obducendas
1296 2755 1409 2832 (ubique

377 2840 471 2899 dando
485 2857 551 2918 pag.
565 2839 607 2904 47
618 2839 792 2899 altitudinem
807 2859 869 2898 ver·
918 2841 1041 2921 inprimis
1060 2853 1116 2899 uot.
1131 2846 1164 2913 1,
1184 2841 1229 2898 ubi
1242 2841 1411 2917 peregrina·

376 2925 484 2984 ticalenr
508 2925 650 2984 inventam
665 2926 750 2984 fuisse
776 2924 870 2983 scribit
918 2931 993 2986 tores
1018 2927 1167 2998 recensuit,
1194 2925 1303 3002 quide
1325 2945 1413 3005 pyra-

377 3009 563 3089 trapetum
585 3015 612 3068 et
636 3011 712 3087 quod
738 3009 870 3080 mutante
918 3013 1039 3070 milibus
1066 3012 1282 3091 exposuerunt).
1340 3011 1414 3072 add

376 3097 497 3156 lomoni.
525 3097 627 3164 (class-r.
645 3103 666 3154 t.
681 3096 690 3154 Ι
714 3113 779 3173 pag.
790 3093 869 3170 516)
917 3095 1059 3156 iablonsk.
1074 3117 1149 3156 voce.
1165 3099 1298 3176 Aegypte.
1311 3117 1340 3178 p.
1350 3103 1414 3163 229

378 3181 441 3248 425
456 3183 558 3260 perlrrm
574 3188 602 3240 et
615 3185 636 3246 9
649 3181 805 3258 digitonrm.
919 3201 977 3259 seq.
1010 3181 1151 3241 Mannert.
1174 3185 1282 3260 Geogr.
1297 3185 1349 3242 der
1364 3183 1415 3241 Gr.

420 3262 532 3346 ἐούσης
552 3257 764 3347 respersione]
785 3265 869 3324 cont.
919 3285 945 3324 u.
966 3267 1046 3325 uam.
1064 3265 1108 3338 Χ,
1127 3271 1145 3332 1
1171 3289 1239 3348 pag.
1254 3270 1318 3335 458
1336 3287 1416 3346 seqq.

377 3352 403 3426 l,
426 3355 496 3417 181.
530 3351 629 3411 Utrum
647 3351 734 3412 latera
749 3350 871 3430 pyrami·
919 3351 981 3417 464
993 3369 1071 3426 seqq.
1093 3352 1170 3411 Hirt.
1182 3375 1236 3412 von
1250 3355 1306 3412 den
1319 3356 1415 3428 igypt.

376 3437 419 3494 dis
435 3439 558 3514 perfecte
570 3437 625 3496 sint
637 3435 762 3514 aequalia
771 3453 869 3508 necne,
918 3436 1102 3514 Pymmiden,
1130 3439 1159 3496 in
1173 3441 1240 3498 actis
1255 3439 1345 3495 societ.
1356 3437 1413 3496 Be

375 3521 498 3580 nondum
514 3521 615 3598 liquet,
638 3541 700 3580 orm
712 3521 819 3580 diverse
832 3521 870 3580 de
915 3521 1058 3579 rotinense.
1074 3541 1141 3582 ann.
1159 3525 1247 3588 1815.
1266 3520 1326 3578 Nos
1337 3539 1414 3597 pau-

374 3604 417 3664 his
444 3611 566 3664 statuant
591 3608 761 3666 recentiores
788 3625 871 3684 pere·
917 3611 1081 3666 ostentum
1102 3609 1184 3680 iude,
1216 3606 1252 3664 ad
1268 3603 1414 3664 Herodoti

376 3690 546 3766 grinatores‚
567 3691 691 3767 quamvis
705 3692 741 3750 ad
761 3690 869 3749 oculum
916 3691 1005 3751 loetun
1031 3710 1104 3768 qnae
1124 3693 1239 3761 iaciunt,
1266 3691 1415 3750 exscriba-

373 3779 451 3832 'oerte
470 3775 619 3850 quadratas
646 3794 782 3855 apparere
807 3795 868 3835 ma·
917 3795 985 3836 mro.
1028 3778 1178 3855 Supersunt
1207 3775 1280 3833 enirn
1317 3775 1415 3836 adhuc

376 3877 446 3936 guas
459 3861 627 3937 pyramides,
639 3859 869 3938 oecaliudquae·
917 3861 1072 3942 pyramide·
1085 3861 1215 3939 plurimae
1234 3867 1263 3918 et
1279 3879 1336 3938 pro
1356 3862 1412 3919 situ

375 3944 559 4004 siissecarurn
572 3946 744 4016 conditores,
761 3948 868 4025 optime
917 3947 1053 4017 locorum,
1080 3946 1106 4002 in
1128 3945 1229 4020 qrribns
1253 3952 1413 4005 exstructae

373 4031 514 4089 monuisse
536 4029 663 4088 videatur
688 4029 787 4108 Zaiga
808 4030 867 4090 li
916 4041 999 4106 sunt,
1027 4029 1232 4107 distinguuntur
1250 4049 1269 4089 a
1285 4033 1413 4110 peregri·

373 4113 671 4194 pflg·401ibiq.not
915 4118 1064 4176 autoribus.
1112 4116 1221 4176 Conter
1242 4116 1329 4176 Beclc
1350 4116 1368 4174 l.
1392 4115 1411 4178 l.

421 4200 513 4260 λίθου
529 4194 561 4258 di
576 4200 683 4271 ξεστοῦ
695 4221 727 4259 se
741 4197 793 4259 sul
813 4197 864 4276 ἄρ·
915 4221 981 4282 pag.
998 4206 1060 4269 711
1080 4221 1160 4280 seqq.
1207 4201 1331 4262 tunimo
1357 4221 1412 4279 py-

374 4280 527 4364 poopiuou
544 4277 581 4340 sd
602 4276 745 4363 μάλιστα]
776 4286 866 4345 Vertit
913 4287 1051 4346 ramidum
1077 4295 1188 4348 caterva
1215 4305 1302 4369 prope
1322 4285 1412 4345 ldens-

373 4365 468 4427 idion:
497 4365 579 4440 „elle
596 4375 638 4427 est
658 4375 738 4428 toute
759 4371 866 4429 resitue
913 4372 980 4450 phin
1003 4391 1076 4431 nune
1098 4373 1250 4442 inuenitur,
1279 4371 1324 4430 nbi
1346 4371 1410 4430 loco

373 4473 410 4516 en
424 4454 528 4532 pierres
539 4453 645 4533 polias,
666 4455 864 4516 niusteesavec
913 4459 1105 4534 nomen‘Gs'se'
1129 4459 1263 4527 edisci,-
1288 4463 1411 4534 quatuor
