3008 5172
477 455 875 522 sorunculi.
944 531 950 554 ,
1049 413 1145 530 ιιι

183 623 307 714 perires
326 647 403 712 μιν·
434 625 454 695 ό
475 625 512 695 oa
531 629 683 712 τροχίλος
708 624 879 714 εἰρηναῖόν
895 629 943 696 ot
962 627 1046 710 έστέ,
1085 625 1186 698 dra&

160 743 403 837 διέφελεομένῳ
425 743 511 832 πρὸς
532 745 647 816 αὐτοῦ.
670 747 766 816 ἐπεὰν
786 745 851 835 prio
872 747 906 828 ές
925 745 986 836 τὴν
1005 751 1069 836 γῆν
1087 744 1141 816 έκ-

185 870 231 956 βῇ
253 867 289 936 lx
309 871 372 936 τοῦ
393 864 518 946 ὕδατος
538 865 558 935 ό
579 864 809 952 κροκόδειλος,
845 866 901 936 καί
928 867 1037 936 ἔπειτα
1056 864 1142 957 peirn

185 985 308 1075 (έιόθεε
328 985 394 1075 poio
414 993 516 1056 τοῦτο
539 984 583 1068 oie
612 988 732 1056 ἐπίπαν
752 987 877 1056 ποιέειν
903 985 990 1072 πρός
1008 985 1068 1057 τόν
1090 986 1140 1070 tl-

180 1111 318 1194 φνρον.)
355 1105 504 1177 ἐνθαῦτα
524 1105 544 1175 ό
565 1109 715 1193 τροχίλος
740 1103 890 1176 ἐσδύνων
918 1107 950 1187 ές
976 1107 1013 1177 τό
1035 1105 1141 1195 στόμα

184 1224 307 1308 αὐτοῦ,
336 1229 507 1296 καταπίνει
527 1218 585 1306 τὰς
600 1228 759 1314 βδέλλας·
796 1223 814 1296 ό
837 1227 891 1306 δέ,
913 1223 1141 1314 οέφελεόμενος

72 1348 139 1420 69
183 1347 311 1435 ἥδεται,
333 1347 390 1416 καὶ
415 1343 514 1416 οὐδέν
537 1348 660 1416 σίνεται
680 1344 740 1415 τόν
760 1348 921 1434 τροχίλον.
963 1353 1056 1416 Τοῖσι
1076 1341 1389 1456 plvbofflffllfflgj

183 1465 225 1556 dr}
246 1474 315 1535 τῶν
335 1453 524 1554 Αἰγυπτίων
549 1468 618 1552 ίροί
639 1469 701 1534 sios
729 1467 763 1534 οί
790 1464 1011 1551 κροκόδειλοι·
1047 1474 1133 1535 τοῖσι
1174 1447 1388 1553 1,,θῶἪὲ

1174 1559 1244 1606 pars
1256 1549 1386 1594 nominate

183 1582 215 1656 d’
239 1583 301 1668 ori,
322 1583 395 1658 ἀλλ’
415 1585 474 1657 ότι
503 1589 682 1676 πολεμίους
710 1585 919 1684 περιέπουσι.
950 1587 985 1658 οἱ
1005 1586 1041 1657 tt
1061 1589 1136 1676 περί
1176 1597 1387 1697 monum

138 1933 223 1993 quom
240 1913 334 1996 lapsus
355 1924 411 1994 est,
429 1917 460 1978 in
476 1936 511 1980 eo
526 1923 632 1979 tanturn
684 1918 766 2000 χίλος
778 1917 953 1998 είτροχίλον
966 1939 1019 2000 pro
1032 1917 1180 2005 ndgapo·

136 2019 260 2062 errorem
303 2005 472 2064 commisisse
505 2004 631 2080 ridetur,
682 2010 779 2085 χῖλος
792 2011 820 2064 et
833 2008 992 2088 τροχίλον.

135 2088 228 2166 qnod,
257 2107 320 2148 cum
339 2109 449 2150 muscas
470 2110 492 2149 s.
510 2109 631 2170 conopes
825 2132 877 2193 ca
934 2131 1027 2192 LXIX

135 2173 226 2233 uem
246 2180 409 2254 oporteret,
435 2173 534 2232 κιαι.
554 2176 632 2250 anit,
884 2153 913 2214 u
1028 2176 1035 2191 ·

135 2275 210 2334 quae
237 2257 374 2319 hirudines
398 2258 481 2335 vulgo
506 2261 631 2320 audiunt.
723 2264 802 2324 τοῖσι
812 2255 868 2340 μέν
884 2254 989 2338 όὴτιόν
1001 2256 1178 2341 Αἰγυπτίων

135 2341 202 2401 Vicl.
217 2343 353 2424 Gc'oll'roy
366 2345 385 2404 Ι.
398 2344 416 2404 Ι.
430 2361 496 2423 pag.
512 2348 575 2411 382
589 2366 631 2424 sq.
681 2345 725 2392 ·'-
739 2341 933 2427 περιέπουσι]
961 2344 1007 2405 De
1020 2341 1176 2424 περιέπειν

137 2427 272 2487 etlabnii
290 2429 387 2490 nnmll.
403 2428 543 2511 philotet
564 2449 632 2510 pae-
682 2433 755 2491 conf.
775 2431 802 2508 1,
823 2436 874 2497 78.
896 2430 939 2504 ΙΙ,
960 2429 1011 2494 64.
1038 2431 1122 2500 Quod
1139 2429 1177 2490 ad

136 2511 448 2592 dsg.(1828)1,8
475 2534 543 2596 pag·
559 2515 630 2583 365.
681 2523 889 2594 argumentum,
923 2516 1057 2595 probatur
1082 2513 1177 2575 Hero·

135 2596 299 2668 Trochilum
313 2619 379 2659 rero
393 2601 486 2660 dicunt
498 2601 632 2662 esseclsc-
682 2603 766 2662 dotea
784 2601 906 2662 narratio
928 2600 1044 2660 aliorum
1065 2619 1177 2679 quoque

135 2683 257 2743 cedrium
273 2683 437 2764 Aegyptium
450 2687 632 2768 siverap-sop
681 2688 846 2766 scriptorum
865 2685 1040 2760 testimoniis,
1061 2685 1178 2746 Strabo-

136 2769 277 2848 (tnltak)
292 2771 416 2832 Arabum
427 2771 554 2846 nomine,
574 2775 631 2832 sre-
681 2773 724 2831 nis
740 2773 820 2832 XVll
833 2793 861 2852 p.
871 2771 965 2848 1165,
977 2770 1014 2830 D.
1037 2772 1128 2845 1169,
1140 2771 1176 2831 B·

136 2853 348 2932 quentemillnm
362 2857 392 2916 in
405 2857 448 2916 bis
460 2857 630 2932 regionibus.
681 2858 716 2916 C.
743 2856 850 2916 Aeliani
869 2855 907 2916 N.
921 2855 955 2916 A.
972 2855 1017 2931 X,
1035 2858 1087 2930 21,
1107 2854 1176 2914 alio-

134 2937 201 2996 vio.
224 2940 359 3022 Geoll'roy
380 2941 397 3000 l.
420 2941 438 3000 l.
466 2960 531 3020 pag·
556 2941 629 3009 384·
680 2961 749 3001 rum.
768 2942 915 3020 Typhonis
932 2939 1033 3000 animal
1048 2939 1175 3020 perbibe-

133 3021 266 3083 Minutoli
286 3023 305 3082 l.
317 3025 335 3082 l.
354 3047 382 3106 p.
398 3029 461 3092 162
486 3045 563 3104 seq„
583 3027 633 3104 qui
681 3027 764 3085 batur
777 3025 930 3085 crocodilus
952 3025 1073 3101 indeque
1091 3043 1176 3084 exosa

132 3110 252 3186 saepius
279 3127 311 3169 ae
330 3109 400 3172 hanc
424 3130 506 3174 avem
530 3113 632 3172 vidisse
679 3111 771 3170 multis
792 3111 889 3171 bestia.
922 3109 1005 3168 Plura
1019 3109 1175 3168 Creuzcrus

132 3193 286 3264 affimat,
681 3186 846 3274 in'Symbol.
862 3194 875 3253 1
891 3213 956 3272 pag.
972 3194 1035 3259 319
1049 3211 1092 3268 sq.
1111 3195 1176 3257 328

680 3299 751 3360 seq„
764 3282 811 3357 qui
822 3279 1107 3340 ideminCommentt
1114 3275 1176 3335 He-

176 3351 276 3425 έιόθει
305 3353 366 3442 γὰρ
388 3363 537 3427 τοῦτο-
556 3359 632 3448 πρός
680 3366 761 3425 rodd.
776 3383 840 3447 pag.
851 3369 892 3430 84
908 3383 966 3440 seq.
986 3363 1054 3422 baec
1065 3360 1175 3440 posuit:

133 3439 186 3509 τόν
207 3443 357 3528 ζέφνρον]
401 3443 464 3507 Ηοο
487 3470 579 3510 κειται
598 3471 630 3512 se
679 3451 759 3527 „lam
772 3451 809 3510 de
819 3447 1015 3511 crocodilorum
1029 3447 1176 3507 sanctitate

132 3531 365 3592 animadvertisse
385 3535 484 3593 asserit
496 3536 630 3616 Geoffroy
680 3537 762 3597 etiarn
774 3542 882 3596 veteres
896 3533 1097 3613 quaesiverunt
1111 3531 1176 3592 Uti-

132 3635 200 3697 pag.
223 3616 296 3683 385.
317 3649 362 3662 -
381 3617 572 3692 Herodoteam
593 3623 630 3682 de
679 3620 765 3681 litatis
774 3617 1176 3700 admonctpbilosopbusnpud

132 3701 250 3762 trochilo
274 3701 461 3765 ostentionem
486 3706 631 3787 descripsit
679 3708 844 3767 Ciceronem
870 3707 908 3765 de
931 3711 990 3762 not.
1015 3705 1129 3763 deorum
1150 3701 1175 3777 1,

133 3789 224 3848 ferme
242 3785 347 3848 belian.
362 3788 431 3848 Nat.
444 3788 498 3849 An.
519 3789 572 3866 ΙΙΙ,
589 3795 628 3859 11
679 3795 731 3858 86.
775 3792 846 3851 Eum
875 3788 1014 3870 duplicem
1043 3788 1174 3868 produnt.

133 3869 196 3932 coll.
209 3870 284 3949 vin,
296 3871 347 3939 26.
367 3871 521 3935 Larcberns
534 3876 631 3938 bncde
679 3877 755 3938 Nam
771 3873 968 3937 crocodilorum
984 3879 1060 3933 metu
1080 3873 1175 3931 dicum

134 3975 166 4018 rc
180 3955 277 4017 laudat
289 3957 358 4017 Plin.
374 3957 412 4018 Η.
425 3959 463 4019 N.
479 3957 559 4037 ΙίΙΙΙ,
576 3963 629 4029 25.
678 3965 836 4041 praedones
862 3967 893 4022 et
919 3976 1034 4040 rspaces
1054 3955 1175 4016 Arabiae

134 4039 275 4102 Aristotel.
288 4043 362 4102 flisc
371 4042 424 4102 Aa.
438 4044 489 4120 ΙΙΙ,
502 4051 523 4112 6
536 4047 631 4106 etCs-
681 4053 709 4105 et
733 4047 840 4123 libyae
869 4045 995 4105 homines
1020 4039 1175 4120 prohiberi,

132 4145 214 4188 nrum
244 4129 280 4187 ad
314 4127 449 4189 Gallicam
473 4129 630 4192 Aristotdei
680 4131 826 4208 quominus
866 4129 962 4188 Nilum
998 4129 1174 4185 transnatent

1 4271 2 4294 χ
131 4211 229 4292 operis
246 4211 535 4296 versionemtll'p.
557 4217 629 4280 732.
680 4215 798 4291 (Euseb.
819 4207 1174 4288 P.E.11,1p.60);ec

1 4371 2 4376 χ
132 4329 178 4342 -
208 4295 264 4356 Pro
298 4291 394 4361 έιόθεε
417 4297 570 4376 Schweigb.
602 4304 632 4359 et
681 4319 715 4361 ex
728 4299 787 4360 eius
805 4297 912 4358 belluae
927 4313 1039 4355 accessu
1058 4292 1175 4370 auguria

131 4381 224 4441 Gaisi.
248 4379 342 4459 tuoe
380 4383 554 4455 incocti,
579 4385 629 4448 11.
680 4385 741 4463 capi
755 4382 913 4444 accedentis
928 4378 1001 4452 Nili,
1022 4397 1084 4436 esse
1100 4377 1174 4435 enim

130 4464 242 4544 lll,38·
263 4465 337 4528 Cum
345 4466 445 4530 iisdem
455 4467 551 4550 scripsi
561 4488 631 4552 τρο-
680 4467 849 4530 crocodilum
867 4462 1016 4585 Aegyptiis
1037 4459 1175 4520 nonnullis
