3012 5182
419 469 485 534 658
719 465 1072 528 HERODOTl

420 632 565 722 ἄμπελοι
608 632 736 719 ἰχθύων
757 631 888 711 ditonis
909 633 985 718 μὲν,
1006 629 1089 715 πρός
1110 630 1205 719 ἣλιον
1226 627 1371 718 αὐήναν-

419 777 489 834 τες,
511 751 623 840 olporic
644 753 821 821 σιτέονται·
864 751 944 831 τούς
969 751 1019 822 di.
1054 751 1089 833 ἐξ
1118 749 1222 840 ἅλμης
1246 764 1419 836 ancos-55

398 873 608 958 Ίχενμὲνονς.
662 866 811 956 ὀρνίθων
833 868 1199 958 accusandorum,
1236 871 1292 938 καὶ
1314 869 1375 952 τὰς

377 1240 448 1295 nott.
471 1235 508 1294 ad
533 1235 576 1310 ll,
597 1237 649 1299 37.
692 1233 778 1303 Quod
801 1249 867 1292 vero
917 1252 985 1311 pag.
997 1233 1039 1297 28
1057 1239 1086 1292 et
1099 1231 1288 1294 mauronti.
1311 1233 1416 1295 Malte-

376 1320 538 1380 Herodotus
556 1321 625 1380 sites
645 1339 696 1398 per
710 1319 868 1395 Aegyptum
917 1319 988 1376 brun
1002 1320 1029 1376 io
1045 1319 1414 1397 melanges(Paris.1828)

377 1424 439 1465 esse
454 1412 554 1483 negat,
568 1406 731 1464 contrarium
742 1407 869 1462 asserunt
917 1411 938 1461 t.
956 1401 969 1460 l
989 1423 1017 1481 p.
1030 1407 1091 1468 431
1107 1424 1186 1482 seqq.
1229 1405 1327 1464 Exstat
1342 1409 1413 1463 sen·-

377 1489 480 1550 Strabo
502 1491 582 1551 XVII
612 1509 677 1569 pag.
696 1493 776 1563 799,
797 1487 822 1544 C
845 1507 867 1545 s.
917 1489 977 1566 ptio
1002 1489 1188 1564 scholastica,
1216 1509 1283 1568 quae
1303 1493 1413 1568 prodiit

376 1595 404 1656 p.
419 1575 519 1650 1160,
533 1577 568 1635 C.
588 1573 742 1648 Diodor.l,
755 1575 807 1643 66,
822 1573 876 1660 alii
916 1573 1079 1650 Altenburg.
1098 1579 1194 1640 1826.
1217 1577 1244 1634 in
1265 1576 1317 1652 qua
1336 1595 1414 1634 non-

376 1661 564 1720 Romanorum
575 1660 738 1739 scriptores,
760 1658 808 1734 qui
819 1676 868 1714 aa·
917 1658 1052 1716 nullorum
1065 1659 1208 1719 Ciceronis
1223 1669 1307 1738 atque
1319 1659 1414 1720 llero-

375 1747 419 1805 ria
429 1747 500 1806 adeo
514 1747 569 1805 vini
585 1764 691 1821 genera
701 1742 868 1820 mAegypto
918 1743 979 1801 doti
991 1742 1112 1802 locorum
1126 1747 1281 1804 vindicatur
1295 1747 1412 1823 integri-

376 1837 527 1892 recenseut
570 1831 644 1900 Quin
666 1831 734 1908 ipsis
755 1829 783 1885 in
807 1847 867 1885 mo-
917 1833 971 1886 tas.
1014 1829 1071 1887 Ubi
1094 1830 1300 1908 huncquoque
1321 1831 1417 1892 Hero-

376 1915 730 1994 numentisAegyptiaciset
743 1914 813 1972 vites
825 1913 868 1970 in·
918 1913 979 1972 doti
1003 1914 1091 1972 locum
1112 1921 1261 1975 tractatrun
1283 1936 1348 1976 esse
1366 1938 1417 1976 oo-

375 2003 498 2063 venimus
514 2006 734 2081 repraesentatas
745 2004 774 2059 et
785 2017 866 2071 uvas,
918 1999 1001 2076 gnovi
1023 2009 1052 2059 et
1074 2019 1136 2059 eunr
1154 2001 1182 2058 in
1194 2002 1311 2060 modum
1326 2004 1418 2082 expli-

376 2088 508 2164 eqnibus
523 2089 615 2145 riuum
629 2091 751 2164 paratur.
781 2084 864 2141 Cous.
916 2089 1022 2158 catum,
1044 2092 1076 2143 ut
1100 2093 1163 2164 post
1184 2086 1343 2146 introducta
1362 2110 1416 2167 pe·

375 2171 490 2232 Costaz.
506 2172 633 2249 descript.
647 2171 683 2230 de
695 2169 766 2248 l’Eg.
783 2170 864 2227 mern.
914 2171 1025 2245 regrina
1038 2171 1100 2228 vina
1111 2171 1176 2229 inde
1190 2190 1207 2229 a
1221 2171 1415 2232 Psammitichi

375 2257 582 2337 (antiqq.)lp.
599 2259 651 2322 61.
666 2259 717 2320 62.
759 2253 800 2312 Ac
814 2255 865 2312 de-
914 2261 1007 2314 aetate
1021 2257 1097 2334 prior
1109 2257 1162 2314 vini
1181 2256 1291 2316 cultura
1311 2259 1340 2316 in
1354 2259 1417 2318 Δε-

375 2344 459 2421 nique
485 2344 547 2420 ipse
573 2341 735 2400 Herodotus
756 2338 798 2413 ll,
821 2341 864 2403 37
913 2339 1245 2420 gyptofireritneglecte.

374 2430 468 2487 vinum
480 2447 513 2487 ex
528 2427 586 2485 uvis
602 2428 763 2497 confectum,
786 2425 865 2502 quod

374 2519 450 2575 certo
464 2512 576 2572 modulo
589 2510 778 2572 sacerdotibus
790 2509 867 2568 exhi-
955 2505 1027 2584 roric
1047 2505 1096 2582 dl,
1127 2507 1158 2585 ἐξ
1181 2505 1276 2590 ἅλμης
1296 2533 1415 2594 τεταρι-

374 2599 489 2672 matur,
511 2599 595 2657 novit.
638 2597 721 2654 Cous.
744 2595 864 2654 Heeten.
915 2593 1088 2677 χενμένονς]
1101 2595 1175 2654 Cum
1192 2597 1416 2676 mareAegyptii

374 2683 416 2740 ld.
441 2682 485 2756 ll,
507 2688 528 2748 2
553 2700 617 2760 pag.
632 2683 705 2747 362.
738 2679 867 2738 llinutoli
915 2681 1032 2743 aversati
1054 2683 1127 2752 sint,
1152 2681 1234 2740 sale·
1250 2701 1305 2740 non
1318 2686 1413 2741 meri-

373 2767 525 2844 Nachtraig.
540 2775 590 2826 etc
603 2787 631 2846 p.
640 2768 711 2831 242.
734 2765 866 2833 Quaeita
915 2770 1011 2826 timum
1033 2768 1084 2825 sed
1105 2767 1227 2825 fossilem
1248 2769 1348 2844 (quem
1373 2789 1414 2828 ex

374 2853 511 2912 conciliari
525 2871 610 2931 posse
624 2853 718 2911 statuit
731 2850 865 2908 Schlicht-
901 2853 1060 2918 ‚Ammonis
1075 2852 1191 2927 regione
1209 2853 1300 2910 afferri
1313 2855 1413 2913 scribit

373 2937 460 2997 horst.
476 2938 493 2996 l.
507 2937 525 2996 l.
541 2957 606 3016 pag.
617 2943 694 3010 115,
716 2937 866 2996 rotdomum
915 2936 1023 2995 Atrion.
1038 2936 1223 3016 expeddlex.
1238 2938 1291 3012 lll,
1304 2939 1326 3002 4
1338 2935 1367 3017 §.
1378 2943 1412 3004 6.

372 3031 438 3104 post
445 3023 584 3082 Herodoti
596 3029 714 3083 aetatem
731 3023 802 3079 vites
815 3041 867 3098 per
915 3023 951 3097 8)
966 3023 1010 3081 lric
1024 3023 1234 3100 intelligendum
1246 3043 1306 3082 esse
1315 3025 1414 3082 existi-

372 3108 495 3188 Aegypti
520 3111 649 3185 regiones
682 3107 734 3166 coli
764 3109 866 3164 fuerint
914 3115 972 3166 mat
986 3107 1113 3166 Iarchm.
1140 3107 1205 3168 Nos
1219 3109 1284 3167 illud
1297 3110 1332 3167 ad
1345 3110 1414 3166 uni-

372 3205 497 3275 coeptae.
539 3196 611 3254 Cum
625 3213 690 3254 raro
705 3201 807 3251 certum
817 3193 863 3265 sit,
914 3212 1022 3252 versum
1041 3192 1094 3250 loci
1115 3201 1308 3270 argumentum
1327 3195 1414 3252 addi-

372 3289 479 3340 veteres
512 3277 667 3359 Aegyptios
707 3299 759 3338 nec
792 3279 864 3336 vites
913 3298 988 3336 mus:
1008 3279 1036 3333 in
1051 3279 1218 3358 anaglyphis
1232 3280 1413 3356 Aegyptiacis

372 3367 518 3442 ignorasse
544 3384 596 3426 nec
621 3367 712 3423 dnum
742 3383 775 3424 ex
803 3363 862 3421 uvis
913 3366 1017 3442 pisces,
1047 3382 1139 3438 ares,
1170 3365 1221 3422 alia
1247 3365 1275 3420 id
1302 3379 1409 3437 genus,

371 3457 513 3528 paratum,
541 3451 632 3509 rnalim
655 3450 784 3528 equidem
806 3457 864 3507 sta·
913 3467 984 3525 quae
1018 3448 1078 3508 sale
1112 3451 1271 3511 condiantur
1306 3453 1334 3506 et
1362 3451 1408 3508 ad

371 3543 464 3610 tuere,
494 3535 683 3609 Herodotum,
717 3535 765 3594 ubi
793 3537 862 3594 vites
911 3533 1051 3592 edendum
1078 3543 1208 3614 parentur
1231 3533 1284 3589 lroc
1303 3532 1409 3608 modo,

370 3621 400 3678 in
414 3620 546 3700 Aegypto
564 3622 641 3696 gigni
654 3627 753 3697 negat,
774 3621 863 3699 potis-
911 3621 1042 3699 conspici.
1087 3614 1360 3678 consuessent.
1386 3619 1409 3679 l.

370 3707 468 3764 simum
481 3707 629 3785 superioris
637 3707 757 3781 Aegypti
770 3708 864 3782 regio-
913 3724 980 3784 pag.
994 3709 1043 3770 61.
1065 3705 1103 3763 Et
1117 3703 1177 3762 satis
1189 3701 1332 3777 cognitum
1347 3711 1409 3780 cst,

370 3811 421 3850 nes
443 3791 500 3851 sive
519 3786 576 3870 τήν
590 3787 791 3867 σπειρομένην
808 3789 863 3852 Al-
914 3809 997 3868 quam
1021 3793 1096 3850 ferax
1107 3786 1220 3866 piscium
1240 3788 1327 3847 suerit
1347 3787 1411 3850 Ae-

369 3897 501 3956 7vnrov,
525 3885 554 3936 ut
568 3877 645 3934 initio
664 3874 745 3933 huius
763 3877 862 3954 capitis
914 3883 1035 3954 gyptus,
1057 3873 1150 3952 quibus
1168 3874 1313 3950 capiendis
1333 3891 1411 3950 ope-

369 3961 454 4037 dixit,
475 3963 643 4040 respexisse,
657 3979 709 4020 nec
723 3979 790 4018 sane
803 3979 863 4019 ma·
911 3961 1027 4019 sabatur
1041 3976 1140 4035 inagna
1158 3958 1300 4016 hominum
1323 3961 1413 4036 copia

369 4049 417 4124 gni
435 4047 566 4106 momenti
596 4053 663 4104 tunc
679 4047 811 4122 temporis
832 4046 862 4105 in
912 4054 974 4104 tum
994 4047 1088 4104 visam
1102 4045 1329 4120 indequaerens,
1342 4050 1411 4106 tum

368 4134 498 4212 Aegypto
509 4133 594 4192 luisse
608 4133 702 4190 vitium
718 4131 861 4206 culturam,
910 4139 1090 4192 mercaturam
1116 4149 1254 4190 exercens.
1298 4130 1412 4190 Confer

368 4239 441 4296 quae
464 4223 529 4296 post
549 4217 660 4276 demum
686 4215 861 4276 Ptolemaeo·
910 4215 1019 4276 Herod.
1040 4217 1082 4292 ll,
1099 4219 1149 4281 92.
1165 4218 1216 4280 98.
1233 4213 1307 4280 119.
1329 4215 1411 4276 Hee-

366 4323 428 4362 rurn
450 4311 534 4380 atque
553 4302 741 4360 Romanorum
765 4307 860 4361 aetate
910 4321 968 4362 ren.
991 4303 1078 4364 ldeen
1093 4311 1144 4362 etc
1159 4301 1201 4374 ll,
1219 4306 1241 4366 2
1261 4319 1328 4379 pag.
1342 4301 1410 4367 845

365 4390 534 4448 incrementa
556 4387 669 4468 ceperit.
713 4388 796 4445 Cous.
816 4388 860 4446 la·
910 4407 970 4466 seq.
987 4395 1016 4448 et
1034 4407 1109 4464 quae
1123 4387 1235 4465 collegit
1249 4387 1356 4446 Gesen.
1369 4388 1409 4446 ad

366 4473 476 4534 blomlr.
501 4475 568 4534 diss.
601 4473 737 4534 deterre
763 4473 860 4535 Gosen
910 4473 991 4534 lessi.
1005 4473 1075 4532 XlX
1082 4477 1123 4548 ,8
1141 4491 1207 4554 pag.
1225 4475 1296 4538 611.
